"Time","BidPrice","BidSize","AskPrice","AskSize"
"2014-03-17 09:20:00.083",77.4,5200,77.45,36800
"2014-03-17 09:30:00.257",77.4,6800,NA,NA
"2014-03-17 09:30:00.347",77.4,13600,NA,NA
"2014-03-17 09:30:00.995",NA,NA,77.45,35600
"2014-03-17 09:30:01.164",NA,NA,77.45,30000
"2014-03-17 09:30:01.193",NA,NA,77.45,29600
"2014-03-17 09:30:01.255",NA,NA,77.45,32800
"2014-03-17 09:30:01.312",77.4,15200,NA,NA
"2014-03-17 09:30:01.407",NA,NA,77.45,34000
"2014-03-17 09:30:01.937",NA,NA,77.45,41600
"2014-03-17 09:30:02.150",NA,NA,77.45,41200
"2014-03-17 09:30:02.187",77.4,14800,NA,NA
"2014-03-17 09:30:02.232",77.4,16400,NA,NA
"2014-03-17 09:30:02.233",77.4,18400,NA,NA
"2014-03-17 09:30:02.266",77.4,14400,NA,NA
"2014-03-17 09:30:02.288",NA,NA,77.45,43600
"2014-03-17 09:30:02.320",NA,NA,77.45,43200
"2014-03-17 09:30:02.425",77.4,14000,NA,NA
"2014-03-17 09:30:02.618",NA,NA,77.45,44800
"2014-03-17 09:30:02.700",77.4,13600,NA,NA
"2014-03-17 09:30:02.880",NA,NA,77.45,44400
"2014-03-17 09:30:03.021",NA,NA,77.45,43600
"2014-03-17 09:30:03.088",77.4,14000,NA,NA
"2014-03-17 09:30:03.226",NA,NA,77.45,43200
"2014-03-17 09:30:03.289",77.4,13600,NA,NA
"2014-03-17 09:30:03.401",NA,NA,77.45,41200
"2014-03-17 09:30:03.499",NA,NA,77.45,40000
"2014-03-17 09:30:03.632",NA,NA,77.45,50800
"2014-03-17 09:30:03.918",NA,NA,77.45,50400
"2014-03-17 09:30:04.200",NA,NA,77.45,49600
"2014-03-17 09:30:04.284",77.4,12800,NA,NA
"2014-03-17 09:30:04.295",77.4,13600,NA,NA
"2014-03-17 09:30:04.425",NA,NA,77.45,49200
"2014-03-17 09:30:04.444",77.4,13200,NA,NA
"2014-03-17 09:30:04.560",NA,NA,77.45,50400
"2014-03-17 09:30:04.611",77.4,12800,NA,NA
"2014-03-17 09:30:04.669",NA,NA,77.45,50000
"2014-03-17 09:30:04.784",NA,NA,77.45,48000
"2014-03-17 09:30:05.179",NA,NA,77.45,46800
"2014-03-17 09:30:05.210",77.4,13600,NA,NA
"2014-03-17 09:30:06.195",NA,NA,77.45,45200
"2014-03-17 09:30:06.196",NA,NA,77.45,44000
"2014-03-17 09:30:06.286",77.4,14400,NA,NA
"2014-03-17 09:30:06.855",NA,NA,77.45,28000
"2014-03-17 09:30:07.088",77.4,12800,NA,NA
"2014-03-17 09:30:07.234",77.4,12400,NA,NA
"2014-03-17 09:30:07.435",NA,NA,77.45,27600
"2014-03-17 09:30:07.590",NA,NA,77.45,24000
"2014-03-17 09:30:07.717",NA,NA,77.45,22000
"2014-03-17 09:30:08.053",NA,NA,77.45,21200
"2014-03-17 09:30:08.209",NA,NA,77.45,20400
"2014-03-17 09:30:08.268",NA,NA,77.45,20000
"2014-03-17 09:30:08.496",NA,NA,77.45,19600
"2014-03-17 09:30:09.174",NA,NA,77.45,18800
"2014-03-17 09:30:10.121",NA,NA,77.45,18400
"2014-03-17 09:30:10.311",77.4,12800,NA,NA
"2014-03-17 09:30:10.381",NA,NA,77.45,17600
"2014-03-17 09:30:10.811",NA,NA,77.45,16800
"2014-03-17 09:30:10.846",NA,NA,77.45,15600
"2014-03-17 09:30:11.178",NA,NA,77.45,16000
"2014-03-17 09:30:11.264",NA,NA,77.45,15200
"2014-03-17 09:30:11.552",NA,NA,77.45,14800
"2014-03-17 09:30:12.300",77.4,12400,NA,NA
"2014-03-17 09:30:12.304",NA,NA,77.45,14400
"2014-03-17 09:30:13.225",NA,NA,77.45,13200
"2014-03-17 09:30:13.305",NA,NA,77.45,12400
"2014-03-17 09:30:13.354",NA,NA,77.45,12000
"2014-03-17 09:30:13.464",NA,NA,77.45,11600
"2014-03-17 09:30:13.528",NA,NA,77.45,11200
"2014-03-17 09:30:13.577",77.4,13200,NA,NA
"2014-03-17 09:30:13.829",NA,NA,77.45,10800
"2014-03-17 09:30:13.911",NA,NA,77.45,11200
"2014-03-17 09:30:13.936",NA,NA,77.45,12400
"2014-03-17 09:30:14.200",NA,NA,77.45,12000
"2014-03-17 09:30:14.242",NA,NA,77.45,11200
"2014-03-17 09:30:14.299",NA,NA,77.45,10800
"2014-03-17 09:30:14.429",NA,NA,77.45,10000
"2014-03-17 09:30:14.550",77.4,13600,NA,NA
"2014-03-17 09:30:14.679",NA,NA,77.45,9600
"2014-03-17 09:30:15.305",NA,NA,77.45,8800
"2014-03-17 09:30:15.371",NA,NA,77.45,8400
"2014-03-17 09:30:15.371",77.4,13200,NA,NA
"2014-03-17 09:30:15.467",NA,NA,77.45,8000
"2014-03-17 09:30:15.647",NA,NA,77.45,7200
"2014-03-17 09:30:16.049",NA,NA,77.5,38000
"2014-03-17 09:30:16.140",NA,NA,77.5,36000
"2014-03-17 09:30:16.143",NA,NA,77.5,35600
"2014-03-17 09:30:16.235",NA,NA,77.5,35200
"2014-03-17 09:30:16.443",NA,NA,77.5,33200
"2014-03-17 09:30:16.486",NA,NA,77.5,32800
"2014-03-17 09:30:16.564",NA,NA,77.5,32400
"2014-03-17 09:30:16.678",77.4,14000,NA,NA
"2014-03-17 09:30:16.851",77.4,14800,NA,NA
"2014-03-17 09:30:17.251",NA,NA,77.5,31200
"2014-03-17 09:30:17.547",NA,NA,77.5,29200
"2014-03-17 09:30:17.817",77.4,15200,NA,NA
"2014-03-17 09:30:17.880",NA,NA,77.5,28800
"2014-03-17 09:30:18.367",NA,NA,77.5,22800
"2014-03-17 09:30:18.527",NA,NA,77.5,22000
"2014-03-17 09:30:18.534",77.4,17200,NA,NA
"2014-03-17 09:30:18.592",77.45,400,NA,NA
"2014-03-17 09:30:18.661",77.4,17200,NA,NA
"2014-03-17 09:30:18.664",NA,NA,77.5,21600
"2014-03-17 09:30:19.097",77.4,23200,NA,NA
"2014-03-17 09:30:19.258",NA,NA,77.5,21200
"2014-03-17 09:30:19.346",NA,NA,77.5,20400
"2014-03-17 09:30:19.397",NA,NA,77.5,16400
"2014-03-17 09:30:19.883",NA,NA,77.5,16000
"2014-03-17 09:30:19.893",77.4,23600,NA,NA
"2014-03-17 09:30:20.218",NA,NA,77.5,12000
"2014-03-17 09:30:20.254",NA,NA,77.5,11600
"2014-03-17 09:30:20.279",NA,NA,77.5,10800
"2014-03-17 09:30:20.478",NA,NA,77.5,10000
"2014-03-17 09:30:21.007",NA,NA,77.5,7600
"2014-03-17 09:30:21.218",NA,NA,77.5,7200
"2014-03-17 09:30:21.272",NA,NA,77.5,6400
"2014-03-17 09:30:21.306",NA,NA,77.5,5600
"2014-03-17 09:30:21.533",NA,NA,77.5,5200
"2014-03-17 09:30:21.748",NA,NA,77.5,4400
"2014-03-17 09:30:21.871",77.4,24000,NA,NA
"2014-03-17 09:30:22.007",NA,NA,77.5,4000
"2014-03-17 09:30:22.208",NA,NA,77.5,3600
"2014-03-17 09:30:22.434",77.5,6400,77.55,43600
"2014-03-17 09:30:22.488",77.5,7200,NA,NA
"2014-03-17 09:30:22.521",NA,NA,77.55,41600
"2014-03-17 09:30:22.816",NA,NA,77.55,37600
"2014-03-17 09:30:23.009",NA,NA,77.55,37200
"2014-03-17 09:30:23.045",77.5,11200,NA,NA
"2014-03-17 09:30:23.234",77.5,13200,NA,NA
"2014-03-17 09:30:23.258",NA,NA,77.55,36800
"2014-03-17 09:30:23.290",77.5,14000,NA,NA
"2014-03-17 09:30:23.349",77.5,14800,NA,NA
"2014-03-17 09:30:23.447",77.5,18800,NA,NA
"2014-03-17 09:30:24.372",NA,NA,77.55,36400
"2014-03-17 09:30:24.449",77.5,19600,NA,NA
"2014-03-17 09:30:24.486",77.5,20400,NA,NA
"2014-03-17 09:30:25.084",77.5,24400,NA,NA
"2014-03-17 09:30:25.109",77.5,24800,NA,NA
"2014-03-17 09:30:25.124",77.5,25600,NA,NA
"2014-03-17 09:30:25.125",77.5,26000,NA,NA
"2014-03-17 09:30:25.224",77.5,26400,NA,NA
"2014-03-17 09:30:25.226",NA,NA,77.55,36000
"2014-03-17 09:30:25.297",NA,NA,77.55,35600
"2014-03-17 09:30:25.314",77.5,30400,NA,NA
"2014-03-17 09:30:25.440",77.5,30800,NA,NA
"2014-03-17 09:30:25.461",77.5,20800,NA,NA
"2014-03-17 09:30:25.834",77.5,21200,NA,NA
"2014-03-17 09:30:26.055",77.5,20800,NA,NA
"2014-03-17 09:30:26.222",NA,NA,77.55,34400
"2014-03-17 09:30:26.228",77.5,21200,NA,NA
"2014-03-17 09:30:26.236",NA,NA,77.55,34000
"2014-03-17 09:30:26.238",NA,NA,77.55,33600
"2014-03-17 09:30:26.241",NA,NA,77.55,32800
"2014-03-17 09:30:26.295",NA,NA,77.55,24800
"2014-03-17 09:30:26.299",NA,NA,77.55,34800
"2014-03-17 09:30:26.397",77.5,21600,NA,NA
"2014-03-17 09:30:26.575",77.5,22800,NA,NA
"2014-03-17 09:30:26.681",77.5,22400,NA,NA
"2014-03-17 09:30:27.248",77.5,23200,NA,NA
"2014-03-17 09:30:27.313",77.5,23600,NA,NA
"2014-03-17 09:30:27.321",77.5,24800,NA,NA
"2014-03-17 09:30:27.388",77.5,25200,NA,NA
"2014-03-17 09:30:27.401",77.5,28400,NA,NA
"2014-03-17 09:30:27.512",77.5,28800,NA,NA
"2014-03-17 09:30:27.522",77.5,29600,NA,NA
"2014-03-17 09:30:27.634",NA,NA,77.55,35200
"2014-03-17 09:30:27.880",77.5,30400,NA,NA
"2014-03-17 09:30:27.892",77.5,30800,NA,NA
"2014-03-17 09:30:28.248",77.5,31200,NA,NA
"2014-03-17 09:30:28.319",77.5,33200,NA,NA
"2014-03-17 09:30:28.341",77.5,53200,NA,NA
"2014-03-17 09:30:28.393",77.5,54000,NA,NA
"2014-03-17 09:30:28.493",NA,NA,77.55,34400
"2014-03-17 09:30:28.607",77.5,54400,NA,NA
"2014-03-17 09:30:29.123",NA,NA,77.55,32400
"2014-03-17 09:30:29.267",77.5,54800,NA,NA
"2014-03-17 09:30:29.282",77.5,55200,NA,NA
"2014-03-17 09:30:29.322",NA,NA,77.55,8400
"2014-03-17 09:30:29.431",NA,NA,77.55,6000
"2014-03-17 09:30:29.584",77.5,66400,NA,NA
"2014-03-17 09:30:30.144",NA,NA,77.55,5600
"2014-03-17 09:30:30.347",77.5,67600,NA,NA
"2014-03-17 09:30:30.480",NA,NA,77.55,6000
"2014-03-17 09:30:30.516",NA,NA,77.55,4000
"2014-03-17 09:30:30.685",NA,NA,77.55,3600
"2014-03-17 09:30:30.723",NA,NA,77.55,3200
"2014-03-17 09:30:30.743",NA,NA,77.55,2400
"2014-03-17 09:30:30.768",77.5,68000,NA,NA
"2014-03-17 09:30:31.232",77.5,69200,NA,NA
"2014-03-17 09:30:31.257",77.5,70000,NA,NA
"2014-03-17 09:30:31.398",77.5,70400,NA,NA
"2014-03-17 09:30:31.406",77.5,80400,NA,NA
"2014-03-17 09:30:31.449",NA,NA,77.55,1600
"2014-03-17 09:30:31.472",77.5,81200,NA,NA
"2014-03-17 09:30:31.514",NA,NA,77.55,400
"2014-03-17 09:30:31.519",NA,NA,77.55,10400
"2014-03-17 09:30:31.685",77.5,82800,NA,NA
"2014-03-17 09:30:31.935",77.5,84800,NA,NA
"2014-03-17 09:30:32.041",77.5,91200,NA,NA
"2014-03-17 09:30:32.147",NA,NA,77.55,8400
"2014-03-17 09:30:32.228",NA,NA,77.55,8000
"2014-03-17 09:30:32.249",NA,NA,77.55,7200
"2014-03-17 09:30:32.309",NA,NA,77.55,6800
"2014-03-17 09:30:32.331",77.5,92400,NA,NA
"2014-03-17 09:30:32.500",NA,NA,77.55,7200
"2014-03-17 09:30:33.049",NA,NA,77.55,67200
"2014-03-17 09:30:33.106",NA,NA,77.55,69600
"2014-03-17 09:30:33.249",NA,NA,77.55,68800
"2014-03-17 09:30:33.259",NA,NA,77.55,68000
"2014-03-17 09:30:33.276",NA,NA,77.55,67200
"2014-03-17 09:30:33.303",77.5,93200,NA,NA
"2014-03-17 09:30:33.399",77.5,94800,NA,NA
"2014-03-17 09:30:33.399",NA,NA,77.55,66800
"2014-03-17 09:30:33.404",77.5,95200,NA,NA
"2014-03-17 09:30:33.409",77.5,96000,NA,NA
"2014-03-17 09:30:33.420",77.5,96400,NA,NA
"2014-03-17 09:30:34.217",NA,NA,77.55,66400
"2014-03-17 09:30:34.242",77.5,96800,NA,NA
"2014-03-17 09:30:34.259",NA,NA,77.55,65600
"2014-03-17 09:30:34.276",NA,NA,77.55,64800
"2014-03-17 09:30:34.297",NA,NA,77.55,63600
"2014-03-17 09:30:34.416",NA,NA,77.55,64000
"2014-03-17 09:30:34.488",77.5,98000,NA,NA
"2014-03-17 09:30:34.492",NA,NA,77.55,63600
"2014-03-17 09:30:34.516",NA,NA,77.55,63200
"2014-03-17 09:30:34.588",77.5,98400,NA,NA
"2014-03-17 09:30:35.237",NA,NA,77.55,62800
"2014-03-17 09:30:35.255",NA,NA,77.55,62000
"2014-03-17 09:30:35.305",77.5,98800,NA,NA
"2014-03-17 09:30:35.324",NA,NA,77.55,61200
"2014-03-17 09:30:35.376",NA,NA,77.55,60800
"2014-03-17 09:30:35.401",NA,NA,77.55,57200
"2014-03-17 09:30:35.589",NA,NA,77.55,56800
"2014-03-17 09:30:36.229",77.5,1e+05,NA,NA
"2014-03-17 09:30:36.241",77.5,100800,NA,NA
"2014-03-17 09:30:36.241",NA,NA,77.55,56400
"2014-03-17 09:30:36.242",77.5,102000,NA,NA
"2014-03-17 09:30:36.296",77.5,103200,NA,NA
"2014-03-17 09:30:36.325",NA,NA,77.55,56000
"2014-03-17 09:30:36.327",NA,NA,77.55,66000
"2014-03-17 09:30:36.334",NA,NA,77.55,65200
"2014-03-17 09:30:36.350",NA,NA,77.55,64400
"2014-03-17 09:30:36.371",77.5,105200,NA,NA
"2014-03-17 09:30:36.443",NA,NA,77.55,62000
"2014-03-17 09:30:36.488",77.5,105600,NA,NA
"2014-03-17 09:30:36.645",77.5,99200,NA,NA
"2014-03-17 09:30:37.151",NA,NA,77.55,62400
"2014-03-17 09:30:37.241",77.5,1e+05,NA,NA
"2014-03-17 09:30:37.327",NA,NA,77.55,62000
"2014-03-17 09:30:37.369",NA,NA,77.55,60800
"2014-03-17 09:30:37.370",NA,NA,77.55,58400
"2014-03-17 09:30:37.404",NA,NA,77.55,57200
"2014-03-17 09:30:37.408",NA,NA,77.55,56400
"2014-03-17 09:30:37.420",77.5,100400,NA,NA
"2014-03-17 09:30:38.241",NA,NA,77.55,56000
"2014-03-17 09:30:38.243",77.5,101200,NA,NA
"2014-03-17 09:30:38.256",NA,NA,77.55,55600
"2014-03-17 09:30:38.364",77.5,103200,NA,NA
"2014-03-17 09:30:38.385",NA,NA,77.55,55200
"2014-03-17 09:30:38.418",77.5,103600,NA,NA
"2014-03-17 09:30:38.591",77.5,104400,NA,NA
"2014-03-17 09:30:39.153",77.5,105600,NA,NA
"2014-03-17 09:30:39.228",77.5,106400,NA,NA
"2014-03-17 09:30:39.271",77.5,106800,NA,NA
"2014-03-17 09:30:39.292",NA,NA,77.55,54800
"2014-03-17 09:30:39.365",NA,NA,77.55,54000
"2014-03-17 09:30:39.390",NA,NA,77.55,53600
"2014-03-17 09:30:39.406",NA,NA,77.55,51600
"2014-03-17 09:30:39.407",NA,NA,77.55,51200
"2014-03-17 09:30:39.450",NA,NA,77.55,50400
"2014-03-17 09:30:40.184",NA,NA,77.55,49600
"2014-03-17 09:30:40.231",NA,NA,77.55,49200
"2014-03-17 09:30:40.237",77.5,107200,NA,NA
"2014-03-17 09:30:40.268",NA,NA,77.55,48400
"2014-03-17 09:30:40.272",NA,NA,77.55,38400
"2014-03-17 09:30:40.307",NA,NA,77.55,37200
"2014-03-17 09:30:40.349",NA,NA,77.55,36800
"2014-03-17 09:30:40.351",77.5,107600,NA,NA
"2014-03-17 09:30:40.397",NA,NA,77.55,36000
"2014-03-17 09:30:40.473",77.5,108800,NA,NA
"2014-03-17 09:30:40.478",NA,NA,77.55,35600
"2014-03-17 09:30:41.279",NA,NA,77.55,35200
"2014-03-17 09:30:41.294",77.5,109600,NA,NA
"2014-03-17 09:30:41.307",77.5,110800,NA,NA
"2014-03-17 09:30:41.350",77.5,111200,NA,NA
"2014-03-17 09:30:41.377",77.5,111600,NA,NA
"2014-03-17 09:30:41.384",NA,NA,77.55,34400
"2014-03-17 09:30:41.412",NA,NA,77.55,33600
"2014-03-17 09:30:41.458",77.5,112000,NA,NA
"2014-03-17 09:30:41.465",NA,NA,77.55,33200
"2014-03-17 09:30:41.648",77.5,118400,NA,NA
"2014-03-17 09:30:42.234",NA,NA,77.55,32400
"2014-03-17 09:30:42.269",77.5,122400,NA,NA
"2014-03-17 09:30:42.315",NA,NA,77.55,31600
"2014-03-17 09:30:42.368",77.5,122800,NA,NA
"2014-03-17 09:30:42.410",77.5,123600,NA,NA
"2014-03-17 09:30:43.064",77.5,124000,NA,NA
"2014-03-17 09:30:43.229",NA,NA,77.55,29600
"2014-03-17 09:30:43.234",NA,NA,77.55,28400
"2014-03-17 09:30:43.241",NA,NA,77.55,28000
"2014-03-17 09:30:43.270",77.5,124800,NA,NA
"2014-03-17 09:30:43.283",NA,NA,77.55,27600
"2014-03-17 09:30:43.303",77.5,125200,NA,NA
"2014-03-17 09:30:43.379",NA,NA,77.55,27200
"2014-03-17 09:30:43.403",NA,NA,77.55,23200
"2014-03-17 09:30:43.447",NA,NA,77.55,22800
"2014-03-17 09:30:43.542",NA,NA,77.55,16400
"2014-03-17 09:30:43.556",NA,NA,77.55,15600
"2014-03-17 09:30:43.573",NA,NA,77.55,14800
"2014-03-17 09:30:43.585",NA,NA,77.55,14000
"2014-03-17 09:30:43.818",NA,NA,77.55,13600
"2014-03-17 09:30:43.818",77.5,124800,NA,NA
"2014-03-17 09:30:43.975",77.5,116000,NA,NA
"2014-03-17 09:30:44.232",77.5,117200,NA,NA
"2014-03-17 09:30:45.268",77.5,115200,NA,NA
"2014-03-17 09:30:45.433",77.5,114800,NA,NA
"2014-03-17 09:30:45.525",77.5,114400,NA,NA
"2014-03-17 09:30:46.001",NA,NA,77.55,10800
"2014-03-17 09:30:49.182",NA,NA,77.55,11200
"2014-03-17 09:30:49.793",77.5,115200,NA,NA
"2014-03-17 09:30:50.228",77.5,117200,NA,NA
"2014-03-17 09:30:50.276",NA,NA,77.55,10800
"2014-03-17 09:30:50.288",NA,NA,77.55,10000
"2014-03-17 09:30:50.325",77.5,127200,NA,NA
"2014-03-17 09:30:50.367",77.5,128000,NA,NA
"2014-03-17 09:30:50.369",77.5,129200,NA,NA
"2014-03-17 09:30:50.424",77.5,127200,NA,NA
"2014-03-17 09:30:50.473",NA,NA,77.55,9600
"2014-03-17 09:30:50.482",NA,NA,77.55,10000
"2014-03-17 09:30:50.488",NA,NA,77.55,9200
"2014-03-17 09:30:50.557",77.5,126400,NA,NA
"2014-03-17 09:30:51.262",77.5,126800,NA,NA
"2014-03-17 09:30:51.419",77.5,136800,NA,NA
"2014-03-17 09:30:51.794",77.5,136400,NA,NA
"2014-03-17 09:30:51.798",NA,NA,77.55,8800
"2014-03-17 09:30:52.304",77.5,136800,NA,NA
"2014-03-17 09:30:52.469",77.5,137200,NA,NA
"2014-03-17 09:30:53.558",NA,NA,77.55,8000
"2014-03-17 09:30:53.689",77.5,97200,NA,NA
"2014-03-17 09:30:53.780",77.5,97600,NA,NA
"2014-03-17 09:30:53.853",77.5,96400,NA,NA
"2014-03-17 09:30:53.873",77.5,92000,NA,NA
"2014-03-17 09:30:54.330",77.5,91600,NA,NA
"2014-03-17 09:30:54.330",NA,NA,77.55,7600
"2014-03-17 09:30:54.348",77.5,92400,NA,NA
"2014-03-17 09:30:54.579",NA,NA,77.55,9200
"2014-03-17 09:30:54.581",77.5,90800,NA,NA
"2014-03-17 09:30:54.738",77.5,90400,NA,NA
"2014-03-17 09:30:55.577",NA,NA,77.55,9600
"2014-03-17 09:30:56.739",NA,NA,77.55,8800
"2014-03-17 09:30:59.405",NA,NA,77.55,2800
"2014-03-17 09:30:59.475",NA,NA,77.55,2400
"2014-03-17 09:30:59.475",77.5,90000,NA,NA
"2014-03-17 09:30:59.660",77.5,89200,NA,NA
"2014-03-17 09:30:59.964",77.5,82800,NA,NA
"2014-03-17 09:31:00.619",NA,NA,77.55,2000
"2014-03-17 09:31:00.631",NA,NA,77.55,1600
"2014-03-17 09:31:00.663",NA,NA,77.55,1200
"2014-03-17 09:31:00.664",NA,NA,77.55,800
"2014-03-17 09:31:01.457",77.5,83200,NA,NA
"2014-03-17 09:31:02.473",NA,NA,77.55,30800
"2014-03-17 09:31:02.525",NA,NA,77.55,32000
"2014-03-17 09:31:06.046",77.5,83600,NA,NA
"2014-03-17 09:31:07.126",NA,NA,77.55,35200
"2014-03-17 09:31:07.581",NA,NA,77.55,34400
"2014-03-17 09:31:10.256",NA,NA,77.55,33600
"2014-03-17 09:31:10.426",NA,NA,77.55,28800
"2014-03-17 09:31:10.861",NA,NA,77.55,27200
"2014-03-17 09:31:14.902",NA,NA,77.55,26800
"2014-03-17 09:31:16.176",NA,NA,77.55,36800
"2014-03-17 09:31:16.206",NA,NA,77.55,34400
"2014-03-17 09:31:17.603",NA,NA,77.55,34800
"2014-03-17 09:31:22.793",77.5,84000,NA,NA
"2014-03-17 09:31:23.575",NA,NA,77.55,34400
"2014-03-17 09:31:24.428",77.5,84800,NA,NA
"2014-03-17 09:31:25.539",NA,NA,77.55,34000
"2014-03-17 09:31:30.764",NA,NA,77.55,74000
"2014-03-17 09:31:30.821",NA,NA,77.55,76000
"2014-03-17 09:31:32.682",77.5,84400,NA,NA
"2014-03-17 09:31:32.682",NA,NA,77.55,75600
"2014-03-17 09:31:33.116",77.5,84800,NA,NA
"2014-03-17 09:31:34.710",77.5,92800,NA,NA
"2014-03-17 09:31:35.711",77.5,84800,NA,NA
"2014-03-17 09:31:37.615",NA,NA,77.55,73600
"2014-03-17 09:31:40.636",NA,NA,77.55,73200
"2014-03-17 09:31:41.371",77.5,85200,NA,NA
"2014-03-17 09:31:41.597",77.5,86000,NA,NA
"2014-03-17 09:31:45.432",NA,NA,77.55,74000
"2014-03-17 09:31:48.221",NA,NA,77.55,73200
"2014-03-17 09:31:49.869",NA,NA,77.55,72400
"2014-03-17 09:31:50.302",NA,NA,77.55,70000
"2014-03-17 09:31:50.878",77.5,94000,NA,NA
"2014-03-17 09:31:53.871",NA,NA,77.55,69600
"2014-03-17 09:31:54.963",77.5,94400,NA,NA
"2014-03-17 09:31:56.019",NA,NA,77.55,59600
"2014-03-17 09:31:56.545",NA,NA,77.55,59200
"2014-03-17 09:31:56.634",77.5,93600,NA,NA
"2014-03-17 09:31:56.772",77.5,93200,NA,NA
"2014-03-17 09:31:58.150",NA,NA,77.55,58800
"2014-03-17 09:31:58.874",NA,NA,77.55,58000
"2014-03-17 09:31:59.442",77.5,85200,NA,NA
"2014-03-17 09:32:01.401",NA,NA,77.55,57600
"2014-03-17 09:32:01.689",NA,NA,77.55,66400
"2014-03-17 09:32:04.444",77.5,94000,NA,NA
"2014-03-17 09:32:04.691",77.5,110000,NA,NA
"2014-03-17 09:32:05.867",NA,NA,77.55,66000
"2014-03-17 09:32:07.167",NA,NA,77.55,68000
"2014-03-17 09:32:07.458",77.5,101200,NA,NA
"2014-03-17 09:32:09.928",NA,NA,77.55,66800
"2014-03-17 09:32:12.461",77.5,109200,NA,NA
"2014-03-17 09:32:13.830",NA,NA,77.55,64400
"2014-03-17 09:32:13.851",77.5,108800,NA,NA
"2014-03-17 09:32:15.434",NA,NA,77.55,63600
"2014-03-17 09:32:15.563",NA,NA,77.55,64400
"2014-03-17 09:32:17.254",77.5,109600,NA,NA
"2014-03-17 09:32:18.850",77.5,110400,NA,NA
"2014-03-17 09:32:19.769",77.5,102400,NA,NA
"2014-03-17 09:32:21.020",77.5,102000,NA,NA
"2014-03-17 09:32:21.173",77.5,101200,NA,NA
"2014-03-17 09:32:22.160",NA,NA,77.55,64000
"2014-03-17 09:32:22.678",NA,NA,77.55,62000
"2014-03-17 09:32:22.748",NA,NA,77.55,61600
"2014-03-17 09:32:22.809",NA,NA,77.55,60800
"2014-03-17 09:32:23.204",NA,NA,77.55,60400
"2014-03-17 09:32:23.334",NA,NA,77.55,57600
"2014-03-17 09:32:24.421",77.5,100800,NA,NA
"2014-03-17 09:32:24.550",NA,NA,77.55,56400
"2014-03-17 09:32:24.566",77.5,1e+05,NA,NA
"2014-03-17 09:32:24.769",NA,NA,77.55,56000
"2014-03-17 09:32:24.894",NA,NA,77.55,66000
"2014-03-17 09:32:25.093",77.5,100400,NA,NA
"2014-03-17 09:32:27.403",NA,NA,77.55,66800
"2014-03-17 09:32:27.459",NA,NA,77.55,56800
"2014-03-17 09:32:31.317",77.5,100800,NA,NA
"2014-03-17 09:32:31.619",NA,NA,77.55,56400
"2014-03-17 09:32:32.506",77.5,84800,NA,NA
"2014-03-17 09:32:35.213",NA,NA,77.55,66400
"2014-03-17 09:32:38.800",77.5,100800,NA,NA
"2014-03-17 09:32:39.008",NA,NA,77.55,82400
"2014-03-17 09:32:39.756",NA,NA,77.55,82000
"2014-03-17 09:32:39.756",NA,NA,77.55,83200
"2014-03-17 09:32:40.391",NA,NA,77.55,82800
"2014-03-17 09:32:41.802",77.5,109200,NA,NA
"2014-03-17 09:32:43.006",NA,NA,77.55,66800
"2014-03-17 09:32:43.301",77.5,109600,NA,NA
"2014-03-17 09:32:43.302",77.5,110400,NA,NA
"2014-03-17 09:32:43.556",NA,NA,77.55,66400
"2014-03-17 09:32:45.111",77.5,102000,NA,NA
"2014-03-17 09:32:47.925",77.5,101200,NA,NA
"2014-03-17 09:32:47.925",NA,NA,77.55,65600
"2014-03-17 09:32:51.667",77.5,106000,NA,NA
"2014-03-17 09:32:52.111",77.5,114400,NA,NA
"2014-03-17 09:32:54.202",77.5,116400,NA,NA
"2014-03-17 09:32:54.246",77.5,116800,NA,NA
"2014-03-17 09:32:54.420",77.5,117200,NA,NA
"2014-03-17 09:32:54.463",77.5,117600,NA,NA
"2014-03-17 09:32:54.724",77.5,118000,NA,NA
"2014-03-17 09:32:54.897",77.5,120000,NA,NA
"2014-03-17 09:32:55.246",77.5,120400,NA,NA
"2014-03-17 09:32:55.333",77.5,121200,NA,NA
"2014-03-17 09:32:55.376",77.5,121600,NA,NA
"2014-03-17 09:32:59.037",77.5,113200,NA,NA
"2014-03-17 09:33:00.434",NA,NA,77.55,66400
"2014-03-17 09:33:00.755",77.5,13200,NA,NA
"2014-03-17 09:33:00.755",77.45,36000,NA,NA
"2014-03-17 09:33:00.775",77.45,27600,NA,NA
"2014-03-17 09:33:01.065",NA,NA,77.55,66800
"2014-03-17 09:33:01.105",NA,NA,77.5,3600
"2014-03-17 09:33:01.683",NA,NA,77.5,2800
"2014-03-17 09:33:01.835",NA,NA,77.5,4000
"2014-03-17 09:33:01.999",77.45,26000,NA,NA
"2014-03-17 09:33:02.133",77.45,12800,NA,NA
"2014-03-17 09:33:02.905",NA,NA,77.5,117200
"2014-03-17 09:33:03.787",NA,NA,77.5,119200
"2014-03-17 09:33:04.552",NA,NA,77.5,128000
"2014-03-17 09:33:04.970",77.45,12400,NA,NA
"2014-03-17 09:33:05.457",NA,NA,77.5,133200
"2014-03-17 09:33:09.445",77.4,63600,77.45,400
"2014-03-17 09:33:09.449",77.4,73200,NA,NA
"2014-03-17 09:33:09.450",NA,NA,77.45,1200
"2014-03-17 09:33:09.527",NA,NA,77.45,400
"2014-03-17 09:33:09.582",77.4,72800,NA,NA
"2014-03-17 09:33:09.584",77.4,60000,NA,NA
"2014-03-17 09:33:09.625",NA,NA,77.45,1600
"2014-03-17 09:33:10.117",77.4,60400,NA,NA
"2014-03-17 09:33:10.603",77.4,59200,NA,NA
"2014-03-17 09:33:10.609",NA,NA,77.45,400
"2014-03-17 09:33:10.670",NA,NA,77.45,2400
"2014-03-17 09:33:11.342",77.4,49600,NA,NA
"2014-03-17 09:33:11.927",NA,NA,77.45,2000
"2014-03-17 09:33:12.041",77.4,62400,NA,NA
"2014-03-17 09:33:13.522",NA,NA,77.45,800
"2014-03-17 09:33:14.078",NA,NA,77.45,2800
"2014-03-17 09:33:14.343",NA,NA,77.45,2400
"2014-03-17 09:33:14.528",77.4,62000,NA,NA
"2014-03-17 09:33:14.700",NA,NA,77.45,11200
"2014-03-17 09:33:15.146",77.4,61600,NA,NA
"2014-03-17 09:33:15.386",77.4,60000,NA,NA
"2014-03-17 09:33:15.451",NA,NA,77.45,12000
"2014-03-17 09:33:15.529",NA,NA,77.45,12800
"2014-03-17 09:33:15.563",77.4,60400,NA,NA
"2014-03-17 09:33:15.588",77.4,60000,NA,NA
"2014-03-17 09:33:16.300",NA,NA,77.45,13200
"2014-03-17 09:33:17.391",77.4,60800,NA,NA
"2014-03-17 09:33:18.525",NA,NA,77.45,12800
"2014-03-17 09:33:20.057",77.4,68400,NA,NA
"2014-03-17 09:33:20.164",NA,NA,77.45,16400
"2014-03-17 09:33:20.523",NA,NA,77.45,16000
"2014-03-17 09:33:22.789",77.4,66800,NA,NA
"2014-03-17 09:33:22.794",77.4,66400,NA,NA
"2014-03-17 09:33:23.038",77.4,58800,NA,NA
"2014-03-17 09:33:23.469",NA,NA,77.45,15600
"2014-03-17 09:33:25.459",77.4,59200,NA,NA
"2014-03-17 09:33:28.573",NA,NA,77.45,31600
"2014-03-17 09:33:28.637",NA,NA,77.45,32400
"2014-03-17 09:33:30.124",NA,NA,77.45,16400
"2014-03-17 09:33:30.435",NA,NA,77.45,15600
"2014-03-17 09:33:30.565",NA,NA,77.45,16400
"2014-03-17 09:33:32.196",77.4,60000,NA,NA
"2014-03-17 09:33:33.377",77.4,67200,NA,NA
"2014-03-17 09:33:37.621",77.4,68400,NA,NA
"2014-03-17 09:33:40.181",NA,NA,77.45,15600
"2014-03-17 09:33:43.189",NA,NA,77.45,16000
"2014-03-17 09:33:49.418",NA,NA,77.45,15200
"2014-03-17 09:33:49.420",NA,NA,77.45,12000
"2014-03-17 09:33:50.651",NA,NA,77.45,15200
"2014-03-17 09:33:52.975",77.4,68000,NA,NA
"2014-03-17 09:33:53.130",77.4,67200,NA,NA
"2014-03-17 09:33:53.152",77.4,66800,NA,NA
"2014-03-17 09:33:54.683",NA,NA,77.45,14800
"2014-03-17 09:33:58.491",NA,NA,77.45,2000
"2014-03-17 09:33:58.493",NA,NA,77.5,11600
"2014-03-17 09:33:58.614",NA,NA,77.45,400
"2014-03-17 09:33:59.501",NA,NA,77.45,1200
"2014-03-17 09:33:59.508",NA,NA,77.5,11200
"2014-03-17 09:33:59.525",NA,NA,77.5,10400
"2014-03-17 09:33:59.556",NA,NA,77.5,9600
"2014-03-17 09:33:59.577",NA,NA,77.5,6400
"2014-03-17 09:33:59.664",NA,NA,77.5,6800
"2014-03-17 09:33:59.892",NA,NA,77.45,800
"2014-03-17 09:34:00.149",77.4,67200,NA,NA
"2014-03-17 09:34:00.625",NA,NA,77.45,400
"2014-03-17 09:34:00.826",77.4,68400,NA,NA
"2014-03-17 09:34:03.493",NA,NA,77.5,9200
"2014-03-17 09:34:04.149",77.4,68000,NA,NA
"2014-03-17 09:34:06.009",77.45,10000,NA,NA
"2014-03-17 09:34:06.011",77.45,22800,NA,NA
"2014-03-17 09:34:06.012",77.45,30400,NA,NA
"2014-03-17 09:34:06.017",77.45,28800,NA,NA
"2014-03-17 09:34:06.021",77.45,28400,NA,NA
"2014-03-17 09:34:06.570",77.45,28800,NA,NA
"2014-03-17 09:34:07.718",77.45,29600,NA,NA
"2014-03-17 09:34:09.155",77.45,30400,NA,NA
"2014-03-17 09:34:10.101",NA,NA,77.5,12000
"2014-03-17 09:34:10.206",NA,NA,77.5,12400
"2014-03-17 09:34:17.138",NA,NA,77.5,72400
"2014-03-17 09:34:17.204",NA,NA,77.5,74800
"2014-03-17 09:34:28.409",77.45,18000,NA,NA
"2014-03-17 09:34:28.414",77.45,16800,NA,NA
"2014-03-17 09:34:28.503",NA,NA,77.5,71600
"2014-03-17 09:34:28.512",77.45,13200,NA,NA
"2014-03-17 09:34:28.517",77.45,12800,NA,NA
"2014-03-17 09:34:28.576",77.45,12400,NA,NA
"2014-03-17 09:34:28.694",NA,NA,77.5,77200
"2014-03-17 09:34:29.037",77.45,4800,NA,NA
"2014-03-17 09:34:29.415",77.45,2000,NA,NA
"2014-03-17 09:34:29.415",77.45,14800,NA,NA
"2014-03-17 09:34:29.417",77.4,54800,NA,NA
"2014-03-17 09:34:29.785",NA,NA,77.45,800
"2014-03-17 09:34:29.920",77.4,54400,NA,NA
"2014-03-17 09:34:29.958",NA,NA,77.45,3600
"2014-03-17 09:34:29.981",77.4,52800,NA,NA
"2014-03-17 09:34:30.066",77.4,51200,NA,NA
"2014-03-17 09:34:30.070",77.4,50800,NA,NA
"2014-03-17 09:34:30.131",77.4,49200,NA,NA
"2014-03-17 09:34:30.567",77.4,48800,NA,NA
"2014-03-17 09:34:31.285",77.4,50000,NA,NA
"2014-03-17 09:34:31.942",NA,NA,77.45,2800
"2014-03-17 09:34:32.349",NA,NA,77.45,2400
"2014-03-17 09:34:32.363",NA,NA,77.45,400
"2014-03-17 09:34:33.180",77.4,64800,NA,NA
"2014-03-17 09:34:35.312",77.4,64400,NA,NA
"2014-03-17 09:34:35.314",NA,NA,77.5,74000
"2014-03-17 09:34:38.367",77.45,400,NA,NA
"2014-03-17 09:34:38.371",77.4,64400,NA,NA
"2014-03-17 09:34:40.572",NA,NA,77.45,2000
"2014-03-17 09:34:40.574",NA,NA,77.5,74000
"2014-03-17 09:34:41.155",77.4,64000,NA,NA
"2014-03-17 09:34:42.896",NA,NA,77.45,800
"2014-03-17 09:34:44.755",77.4,63600,NA,NA
"2014-03-17 09:34:45.954",NA,NA,77.45,6400
"2014-03-17 09:34:46.008",NA,NA,77.45,6800
"2014-03-17 09:34:49.570",77.4,64400,NA,NA
"2014-03-17 09:34:52.457",NA,NA,77.45,10800
"2014-03-17 09:34:53.398",77.4,64000,NA,NA
"2014-03-17 09:34:53.400",NA,NA,77.45,6800
"2014-03-17 09:34:53.578",NA,NA,77.45,6000
"2014-03-17 09:34:53.580",NA,NA,77.5,68400
"2014-03-17 09:34:55.574",77.45,400,NA,NA
"2014-03-17 09:34:55.578",77.4,64000,NA,NA
"2014-03-17 09:34:55.583",NA,NA,77.45,400
"2014-03-17 09:34:55.722",NA,NA,77.5,68400
"2014-03-17 09:34:57.376",NA,NA,77.5,71200
"2014-03-17 09:34:59.653",77.45,400,NA,NA
"2014-03-17 09:35:00.456",NA,NA,77.5,70400
"2014-03-17 09:35:00.456",77.4,64000,77.45,400
"2014-03-17 09:35:00.458",NA,NA,77.45,800
"2014-03-17 09:35:00.514",NA,NA,77.45,1600
"2014-03-17 09:35:00.547",NA,NA,77.45,1200
"2014-03-17 09:35:00.564",NA,NA,77.45,800
"2014-03-17 09:35:00.567",NA,NA,77.45,1600
"2014-03-17 09:35:00.569",NA,NA,77.45,800
"2014-03-17 09:35:00.652",NA,NA,77.45,3600
"2014-03-17 09:35:00.943",NA,NA,77.45,2000
"2014-03-17 09:35:01.048",NA,NA,77.45,2400
"2014-03-17 09:35:02.489",NA,NA,77.45,1200
"2014-03-17 09:35:03.579",77.4,64400,NA,NA
"2014-03-17 09:35:03.775",77.45,8800,77.5,67600
"2014-03-17 09:35:03.780",77.45,7600,NA,NA
"2014-03-17 09:35:03.851",77.45,7200,NA,NA
"2014-03-17 09:35:05.731",NA,NA,77.5,68000
"2014-03-17 09:35:06.227",77.45,7600,NA,NA
"2014-03-17 09:35:08.495",77.45,16800,NA,NA
"2014-03-17 09:35:12.984",77.45,16400,NA,NA
"2014-03-17 09:35:19.588",77.45,16000,NA,NA
"2014-03-17 09:35:20.256",NA,NA,77.5,66800
"2014-03-17 09:35:20.258",77.45,30800,NA,NA
"2014-03-17 09:35:20.337",NA,NA,77.5,66400
"2014-03-17 09:35:20.337",NA,NA,77.5,68000
"2014-03-17 09:35:20.689",NA,NA,77.5,67200
"2014-03-17 09:35:24.724",NA,NA,77.5,66800
"2014-03-17 09:35:27.609",NA,NA,77.5,66400
"2014-03-17 09:35:31.696",NA,NA,77.5,66000
"2014-03-17 09:35:33.184",77.45,30400,NA,NA
"2014-03-17 09:35:39.768",77.45,30800,NA,NA
"2014-03-17 09:35:40.718",77.45,30400,NA,NA
"2014-03-17 09:35:40.741",77.45,30000,NA,NA
"2014-03-17 09:35:41.653",NA,NA,77.5,62000
"2014-03-17 09:35:45.888",77.45,29600,NA,NA
"2014-03-17 09:35:47.518",77.45,28800,NA,NA
"2014-03-17 09:35:52.384",77.45,29600,NA,NA
"2014-03-17 09:35:56.011",77.45,30000,NA,NA
"2014-03-17 09:36:01.039",77.45,30800,NA,NA
"2014-03-17 09:36:05.065",NA,NA,77.5,61200
"2014-03-17 09:36:05.209",77.45,40400,NA,NA
"2014-03-17 09:36:07.051",NA,NA,77.5,63200
"2014-03-17 09:36:13.011",NA,NA,77.5,62800
"2014-03-17 09:36:14.781",77.45,40800,NA,NA
"2014-03-17 09:36:14.935",77.45,41600,NA,NA
"2014-03-17 09:36:16.011",NA,NA,77.5,62400
"2014-03-17 09:36:16.991",77.45,40800,NA,NA
"2014-03-17 09:36:16.996",77.45,40400,NA,NA
"2014-03-17 09:36:17.142",77.45,40000,NA,NA
"2014-03-17 09:36:27.652",NA,NA,77.5,65600
"2014-03-17 09:36:29.350",NA,NA,77.5,66000
"2014-03-17 09:36:36.036",77.45,41200,NA,NA
"2014-03-17 09:36:38.253",77.45,1200,NA,NA
"2014-03-17 09:36:38.258",77.4,61600,NA,NA
"2014-03-17 09:36:38.362",NA,NA,77.45,1200
"2014-03-17 09:36:39.197",NA,NA,77.45,1600
"2014-03-17 09:36:40.365",NA,NA,77.45,5600
"2014-03-17 09:36:41.158",77.4,62000,NA,NA
"2014-03-17 09:36:41.384",NA,NA,77.45,4800
"2014-03-17 09:36:41.911",NA,NA,77.45,5200
"2014-03-17 09:36:42.407",77.4,72000,NA,NA
"2014-03-17 09:36:42.865",77.4,73200,NA,NA
"2014-03-17 09:36:43.071",NA,NA,77.45,8400
"2014-03-17 09:36:43.137",NA,NA,77.45,8800
"2014-03-17 09:36:43.590",NA,NA,77.45,10800
"2014-03-17 09:36:46.125",NA,NA,77.45,10400
"2014-03-17 09:36:46.367",77.4,70400,NA,NA
"2014-03-17 09:36:46.373",77.4,70000,NA,NA
"2014-03-17 09:36:46.518",77.4,64800,NA,NA
"2014-03-17 09:36:46.556",77.4,64400,NA,NA
"2014-03-17 09:36:46.560",77.4,64000,NA,NA
"2014-03-17 09:36:47.407",NA,NA,77.45,9600
"2014-03-17 09:36:48.181",NA,NA,77.45,10000
"2014-03-17 09:36:49.790",NA,NA,77.45,8800
"2014-03-17 09:36:49.792",NA,NA,77.45,8000
"2014-03-17 09:36:52.877",NA,NA,77.45,7600
"2014-03-17 09:36:57.629",NA,NA,77.45,6800
"2014-03-17 09:36:57.980",NA,NA,77.45,6400
"2014-03-17 09:36:59.053",77.4,63600,NA,NA
"2014-03-17 09:36:59.202",77.4,63200,NA,NA
"2014-03-17 09:37:05.335",NA,NA,77.45,6000
"2014-03-17 09:37:05.455",NA,NA,77.45,3200
"2014-03-17 09:37:06.837",NA,NA,77.45,2800
"2014-03-17 09:37:07.774",NA,NA,77.45,3200
"2014-03-17 09:37:08.801",NA,NA,77.45,2800
"2014-03-17 09:37:09.952",77.4,62800,NA,NA
"2014-03-17 09:37:10.184",NA,NA,77.45,3200
"2014-03-17 09:37:10.243",77.4,61600,NA,NA
"2014-03-17 09:37:10.243",NA,NA,77.45,2000
"2014-03-17 09:37:10.539",NA,NA,77.45,1200
"2014-03-17 09:37:14.992",77.45,18800,77.5,60800
"2014-03-17 09:37:14.994",77.45,28800,NA,NA
"2014-03-17 09:37:14.997",77.45,28400,NA,NA
"2014-03-17 09:37:14.998",77.45,35200,NA,NA
"2014-03-17 09:37:15.992",NA,NA,77.5,61200
"2014-03-17 09:37:16.366",NA,NA,77.5,61600
"2014-03-17 09:37:22.740",NA,NA,77.5,51600
"2014-03-17 09:37:22.782",77.45,34400,NA,NA
"2014-03-17 09:37:22.990",77.45,34000,NA,NA
"2014-03-17 09:37:23.256",77.45,34400,NA,NA
"2014-03-17 09:37:23.382",77.45,35200,NA,NA
"2014-03-17 09:37:25.574",77.45,34400,NA,NA
"2014-03-17 09:37:29.185",77.45,35200,NA,NA
"2014-03-17 09:37:31.225",NA,NA,77.5,56000
"2014-03-17 09:37:32.710",NA,NA,77.5,66000
"2014-03-17 09:37:34.309",77.45,34400,NA,NA
"2014-03-17 09:37:34.309",NA,NA,77.5,65200
"2014-03-17 09:37:35.545",NA,NA,77.5,68000
"2014-03-17 09:37:35.938",NA,NA,77.5,67600
"2014-03-17 09:37:35.938",NA,NA,77.5,68400
"2014-03-17 09:37:35.942",NA,NA,77.5,68000
"2014-03-17 09:37:39.661",77.45,56400,NA,NA
"2014-03-17 09:37:39.669",NA,NA,77.5,68400
"2014-03-17 09:37:40.977",NA,NA,77.5,63600
"2014-03-17 09:37:40.981",77.45,56000,NA,NA
"2014-03-17 09:37:42.623",77.45,61200,NA,NA
"2014-03-17 09:37:42.813",NA,NA,77.5,63200
"2014-03-17 09:37:43.044",77.45,60800,NA,NA
"2014-03-17 09:37:44.593",NA,NA,77.5,64000
"2014-03-17 09:37:44.663",77.45,38800,NA,NA
"2014-03-17 09:37:46.363",77.45,60800,NA,NA
"2014-03-17 09:37:49.580",NA,NA,77.5,64400
"2014-03-17 09:37:52.861",77.45,61200,NA,NA
"2014-03-17 09:38:03.137",NA,NA,77.5,60400
"2014-03-17 09:38:03.151",77.45,60800,NA,NA
"2014-03-17 09:38:03.904",77.45,38800,NA,NA
"2014-03-17 09:38:07.661",NA,NA,77.5,58400
"2014-03-17 09:38:11.558",NA,NA,77.5,58000
"2014-03-17 09:38:13.468",NA,NA,77.5,57200
"2014-03-17 09:38:16.657",77.45,39600,NA,NA
"2014-03-17 09:38:17.226",NA,NA,77.5,53200
"2014-03-17 09:38:17.477",77.45,40000,NA,NA
"2014-03-17 09:38:18.567",77.45,40400,NA,NA
"2014-03-17 09:38:20.244",77.45,62400,NA,NA
"2014-03-17 09:38:20.250",NA,NA,77.5,52800
"2014-03-17 09:38:20.327",NA,NA,77.5,34000
"2014-03-17 09:38:20.331",NA,NA,77.55,110800
"2014-03-17 09:38:20.332",NA,NA,77.55,94800
"2014-03-17 09:38:20.344",77.5,1200,NA,NA
"2014-03-17 09:38:20.348",77.5,7600,NA,NA
"2014-03-17 09:38:20.355",77.5,7200,NA,NA
"2014-03-17 09:38:20.357",NA,NA,77.55,94400
"2014-03-17 09:38:20.357",77.5,6800,NA,NA
"2014-03-17 09:38:20.357",NA,NA,77.55,93600
"2014-03-17 09:38:20.357",77.5,6000,NA,NA
"2014-03-17 09:38:20.365",77.45,64400,NA,NA
"2014-03-17 09:38:20.385",77.45,62400,NA,NA
"2014-03-17 09:38:20.464",NA,NA,77.55,95200
"2014-03-17 09:38:21.126",77.45,63200,NA,NA
"2014-03-17 09:38:21.884",NA,NA,77.5,10800
"2014-03-17 09:38:21.959",NA,NA,77.5,12000
"2014-03-17 09:38:25.675",77.45,63600,NA,NA
"2014-03-17 09:38:29.383",77.45,41600,NA,NA
"2014-03-17 09:38:30.372",77.45,42800,NA,NA
"2014-03-17 09:38:36.089",NA,NA,77.5,14800
"2014-03-17 09:38:37.045",NA,NA,77.5,14400
"2014-03-17 09:38:37.481",77.45,43600,NA,NA
"2014-03-17 09:38:38.480",77.45,44400,NA,NA
"2014-03-17 09:38:43.758",77.45,66400,NA,NA
"2014-03-17 09:38:44.480",77.45,66000,NA,NA
"2014-03-17 09:38:44.480",NA,NA,77.5,14000
"2014-03-17 09:38:45.578",NA,NA,77.5,12000
"2014-03-17 09:38:46.561",NA,NA,77.5,11200
"2014-03-17 09:38:46.565",NA,NA,77.55,93600
"2014-03-17 09:38:46.567",77.45,64800,NA,NA
"2014-03-17 09:38:46.568",77.5,1200,NA,NA
"2014-03-17 09:38:46.572",77.5,6800,NA,NA
"2014-03-17 09:38:46.572",77.5,5600,NA,NA
"2014-03-17 09:38:46.577",77.5,4400,NA,NA
"2014-03-17 09:38:46.655",NA,NA,77.55,94800
"2014-03-17 09:38:47.616",NA,NA,77.55,95200
"2014-03-17 09:38:54.541",NA,NA,77.55,94800
"2014-03-17 09:38:57.440",77.5,5200,NA,NA
"2014-03-17 09:38:58.764",NA,NA,77.55,95200
"2014-03-17 09:38:58.805",NA,NA,77.55,94800
"2014-03-17 09:38:59.160",NA,NA,77.55,94400
"2014-03-17 09:39:00.595",77.5,10400,NA,NA
"2014-03-17 09:39:03.352",77.5,11200,NA,NA
"2014-03-17 09:39:04.004",77.5,12000,NA,NA
"2014-03-17 09:39:05.017",77.5,32000,NA,NA
"2014-03-17 09:39:07.695",77.5,33200,NA,NA
"2014-03-17 09:39:10.808",NA,NA,77.55,117200
"2014-03-17 09:39:10.944",NA,NA,77.55,94400
"2014-03-17 09:39:23.325",NA,NA,77.55,97200
"2014-03-17 09:39:23.473",NA,NA,77.55,94400
"2014-03-17 09:39:25.216",77.5,32400,NA,NA
"2014-03-17 09:39:25.915",77.5,28800,NA,NA
"2014-03-17 09:39:26.377",77.5,35200,NA,NA
"2014-03-17 09:39:29.237",77.5,36000,NA,NA
"2014-03-17 09:39:29.403",NA,NA,77.55,94000
"2014-03-17 09:39:29.407",77.5,35600,NA,NA
"2014-03-17 09:39:36.820",NA,NA,77.55,110000
"2014-03-17 09:39:37.906",77.5,36000,NA,NA
"2014-03-17 09:39:37.907",77.5,36400,NA,NA
"2014-03-17 09:39:38.670",NA,NA,77.55,110800
"2014-03-17 09:39:39.527",NA,NA,77.55,94800
"2014-03-17 09:39:42.207",NA,NA,77.55,98000
"2014-03-17 09:39:42.888",NA,NA,77.55,97200
"2014-03-17 09:39:43.011",NA,NA,77.55,104400
"2014-03-17 09:39:43.120",77.5,36800,NA,NA
"2014-03-17 09:39:45.432",77.5,38800,NA,NA
"2014-03-17 09:39:46.111",NA,NA,77.55,104800
"2014-03-17 09:39:46.625",77.5,44400,NA,NA
"2014-03-17 09:39:50.083",NA,NA,77.55,104000
"2014-03-17 09:39:50.301",NA,NA,77.55,103600
"2014-03-17 09:39:50.301",77.5,44000,NA,NA
"2014-03-17 09:39:50.674",NA,NA,77.55,101600
"2014-03-17 09:39:52.653",77.5,74000,NA,NA
"2014-03-17 09:39:57.166",77.5,124000,NA,NA
"2014-03-17 09:39:59.933",NA,NA,77.55,101200
"2014-03-17 09:39:59.947",77.5,123600,NA,NA
"2014-03-17 09:40:06.654",NA,NA,77.55,105200
"2014-03-17 09:40:08.568",NA,NA,77.55,105600
"2014-03-17 09:40:11.263",77.5,118000,NA,NA
"2014-03-17 09:40:12.147",NA,NA,77.55,128800
"2014-03-17 09:40:13.059",NA,NA,77.55,105600
"2014-03-17 09:40:17.574",NA,NA,77.55,105200
"2014-03-17 09:40:18.327",77.5,118800,NA,NA
"2014-03-17 09:40:20.241",77.5,119200,NA,NA
"2014-03-17 09:40:21.107",NA,NA,77.55,96400
"2014-03-17 09:40:21.151",77.5,118400,NA,NA
"2014-03-17 09:40:21.371",77.5,123200,NA,NA
"2014-03-17 09:40:22.371",77.5,118400,NA,NA
"2014-03-17 09:40:23.004",77.5,119600,NA,NA
"2014-03-17 09:40:23.870",77.5,68000,NA,NA
"2014-03-17 09:40:23.876",77.5,62800,NA,NA
"2014-03-17 09:40:23.880",77.5,62400,NA,NA
"2014-03-17 09:40:24.027",NA,NA,77.55,96000
"2014-03-17 09:40:24.030",77.5,58800,NA,NA
"2014-03-17 09:40:24.036",77.5,58400,NA,NA
"2014-03-17 09:40:24.038",77.5,53600,NA,NA
"2014-03-17 09:40:24.043",77.5,52800,NA,NA
"2014-03-17 09:40:24.057",77.5,48800,NA,NA
"2014-03-17 09:40:24.061",77.5,48400,NA,NA
"2014-03-17 09:40:24.104",77.5,46000,NA,NA
"2014-03-17 09:40:25.230",NA,NA,77.55,112000
"2014-03-17 09:40:25.905",77.5,45200,NA,NA
"2014-03-17 09:40:25.906",77.45,42800,NA,NA
"2014-03-17 09:40:28.383",NA,NA,77.55,111200
"2014-03-17 09:40:28.560",NA,NA,77.55,110800
"2014-03-17 09:40:28.560",NA,NA,77.55,112400
"2014-03-17 09:40:29.362",77.5,800,NA,NA
"2014-03-17 09:40:29.363",77.45,42800,NA,NA
"2014-03-17 09:40:29.420",NA,NA,77.55,112000
"2014-03-17 09:40:29.436",NA,NA,77.5,800
"2014-03-17 09:40:30.524",NA,NA,77.5,400
"2014-03-17 09:40:30.631",77.45,42400,NA,NA
"2014-03-17 09:40:30.631",NA,NA,77.55,92400
"2014-03-17 09:40:30.704",NA,NA,77.55,85200
"2014-03-17 09:40:30.708",NA,NA,77.5,3200
"2014-03-17 09:40:30.718",NA,NA,77.5,10400
"2014-03-17 09:40:30.860",NA,NA,77.5,6400
"2014-03-17 09:40:31.433",NA,NA,77.5,7600
"2014-03-17 09:40:31.612",77.45,41600,NA,NA
"2014-03-17 09:40:31.612",NA,NA,77.5,6800
"2014-03-17 09:40:31.776",77.45,36000,NA,NA
"2014-03-17 09:40:32.414",77.45,35600,NA,NA
"2014-03-17 09:40:32.450",NA,NA,77.5,7200
"2014-03-17 09:40:35.322",NA,NA,77.5,6400
"2014-03-17 09:40:35.486",NA,NA,77.5,6000
"2014-03-17 09:40:36.432",77.45,34800,NA,NA
"2014-03-17 09:40:37.142",NA,NA,77.5,5600
"2014-03-17 09:40:39.488",NA,NA,77.5,4800
"2014-03-17 09:40:41.106",77.45,24800,NA,NA
"2014-03-17 09:40:41.191",77.45,24000,NA,NA
"2014-03-17 09:40:45.778",NA,NA,77.5,44800
"2014-03-17 09:40:45.842",NA,NA,77.5,46800
"2014-03-17 09:40:46.610",NA,NA,77.5,45600
"2014-03-17 09:40:46.814",77.45,24800,NA,NA
"2014-03-17 09:40:48.497",77.45,23600,NA,NA
"2014-03-17 09:40:48.497",NA,NA,77.5,44400
"2014-03-17 09:40:50.629",77.45,23200,NA,NA
"2014-03-17 09:40:50.770",77.45,22800,NA,NA
"2014-03-17 09:40:51.150",77.45,22400,NA,NA
"2014-03-17 09:40:51.988",NA,NA,77.5,47600
"2014-03-17 09:40:54.686",NA,NA,77.5,46400
"2014-03-17 09:40:58.605",NA,NA,77.5,45200
"2014-03-17 09:40:59.847",NA,NA,77.5,46000
"2014-03-17 09:41:00.952",NA,NA,77.5,51200
"2014-03-17 09:41:01.041",77.45,32400,NA,NA
"2014-03-17 09:41:01.152",77.45,32000,NA,NA
"2014-03-17 09:41:01.300",77.45,31600,NA,NA
"2014-03-17 09:41:02.485",NA,NA,77.5,51600
"2014-03-17 09:41:07.058",NA,NA,77.5,51200
"2014-03-17 09:41:08.124",77.45,32000,NA,NA
"2014-03-17 09:41:11.319",NA,NA,77.5,50400
"2014-03-17 09:41:16.258",77.45,31600,NA,NA
"2014-03-17 09:41:16.263",77.45,31200,NA,NA
"2014-03-17 09:41:22.107",NA,NA,77.5,46800
"2014-03-17 09:41:22.112",77.45,30800,NA,NA
"2014-03-17 09:41:22.274",77.45,30400,NA,NA
"2014-03-17 09:41:22.847",77.45,31200,NA,NA
"2014-03-17 09:41:25.125",NA,NA,77.5,46400
"2014-03-17 09:41:25.989",NA,NA,77.5,45600
"2014-03-17 09:41:29.606",NA,NA,77.5,44400
"2014-03-17 09:41:31.692",NA,NA,77.5,44000
"2014-03-17 09:41:33.101",NA,NA,77.5,43600
"2014-03-17 09:41:33.105",77.45,30800,NA,NA
"2014-03-17 09:41:33.254",77.45,30400,NA,NA
"2014-03-17 09:41:33.963",NA,NA,77.5,30800
"2014-03-17 09:41:40.971",77.45,30800,NA,NA
"2014-03-17 09:41:41.153",77.45,29600,NA,NA
"2014-03-17 09:41:41.350",77.45,28000,NA,NA
"2014-03-17 09:41:41.521",NA,NA,77.5,31200
"2014-03-17 09:41:42.169",NA,NA,77.5,31600
"2014-03-17 09:41:43.455",NA,NA,77.5,31200
"2014-03-17 09:41:44.595",NA,NA,77.5,31600
"2014-03-17 09:41:46.289",NA,NA,77.5,32000
"2014-03-17 09:41:49.177",NA,NA,77.5,31600
"2014-03-17 09:41:49.679",NA,NA,77.5,29600
"2014-03-17 09:41:51.151",77.45,27600,NA,NA
"2014-03-17 09:41:51.288",77.45,27200,NA,NA
"2014-03-17 09:41:52.124",NA,NA,77.5,29200
"2014-03-17 09:41:52.124",77.45,26800,NA,NA
"2014-03-17 09:41:53.351",77.45,27600,NA,NA
"2014-03-17 09:41:53.886",77.45,28000,NA,NA
"2014-03-17 09:41:57.188",77.45,28800,NA,NA
"2014-03-17 09:41:59.216",77.45,28400,NA,NA
"2014-03-17 09:41:59.820",NA,NA,77.5,31200
"2014-03-17 09:42:00.576",77.45,29200,NA,NA
"2014-03-17 09:42:01.152",77.45,28800,NA,NA
"2014-03-17 09:42:01.813",NA,NA,77.5,30800
"2014-03-17 09:42:08.106",77.45,29200,NA,NA
"2014-03-17 09:42:12.214",NA,NA,77.5,46800
"2014-03-17 09:42:12.618",77.45,19200,NA,NA
"2014-03-17 09:42:12.693",NA,NA,77.5,47200
"2014-03-17 09:42:14.287",77.45,20000,NA,NA
"2014-03-17 09:42:17.410",NA,NA,77.5,46800
"2014-03-17 09:42:19.310",NA,NA,77.5,45600
"2014-03-17 09:42:21.197",NA,NA,77.5,45200
"2014-03-17 09:42:22.568",77.45,19600,NA,NA
"2014-03-17 09:42:22.660",NA,NA,77.5,44800
"2014-03-17 09:42:22.664",77.45,19200,NA,NA
"2014-03-17 09:42:22.803",77.45,18800,NA,NA
"2014-03-17 09:42:25.918",NA,NA,77.5,44400
"2014-03-17 09:42:30.004",NA,NA,77.5,46000
"2014-03-17 09:42:31.082",NA,NA,77.5,45600
"2014-03-17 09:42:33.102",NA,NA,77.5,44800
"2014-03-17 09:42:37.534",77.45,28800,NA,NA
"2014-03-17 09:42:39.602",NA,NA,77.5,44400
"2014-03-17 09:42:41.507",NA,NA,77.5,28400
"2014-03-17 09:42:45.864",NA,NA,77.5,26400
"2014-03-17 09:42:45.868",77.45,28400,NA,NA
"2014-03-17 09:42:46.000",77.45,28000,NA,NA
"2014-03-17 09:42:46.488",NA,NA,77.5,23200
"2014-03-17 09:42:46.493",77.45,27600,NA,NA
"2014-03-17 09:42:46.668",77.45,27200,NA,NA
"2014-03-17 09:42:50.411",NA,NA,77.5,22800
"2014-03-17 09:42:54.703",NA,NA,77.5,20000
"2014-03-17 09:42:54.708",77.45,26800,NA,NA
"2014-03-17 09:42:54.856",77.45,26400,NA,NA
"2014-03-17 09:42:56.591",77.45,27200,NA,NA
"2014-03-17 09:42:59.827",NA,NA,77.5,30000
"2014-03-17 09:43:06.505",77.45,26400,NA,NA
"2014-03-17 09:43:06.655",77.45,26000,NA,NA
"2014-03-17 09:43:07.163",NA,NA,77.5,28000
"2014-03-17 09:43:07.168",77.45,25600,NA,NA
"2014-03-17 09:43:09.790",NA,NA,77.5,28800
"2014-03-17 09:43:11.577",NA,NA,77.5,28400
"2014-03-17 09:43:15.403",77.45,26400,NA,NA
"2014-03-17 09:43:18.020",77.45,26800,NA,NA
"2014-03-17 09:43:20.711",NA,NA,77.5,44400
"2014-03-17 09:43:20.790",77.45,26400,NA,NA
"2014-03-17 09:43:21.231",NA,NA,77.5,44000
"2014-03-17 09:43:23.323",NA,NA,77.5,44400
"2014-03-17 09:43:24.954",77.45,27200,NA,NA
"2014-03-17 09:43:26.017",77.45,28400,NA,NA
"2014-03-17 09:43:27.993",NA,NA,77.5,28400
"2014-03-17 09:43:29.178",NA,NA,77.5,27600
"2014-03-17 09:43:30.710",NA,NA,77.5,43600
"2014-03-17 09:43:33.419",77.45,18400,NA,NA
"2014-03-17 09:43:38.842",77.45,18800,NA,NA
"2014-03-17 09:43:39.923",NA,NA,77.5,27600
"2014-03-17 09:43:43.317",NA,NA,77.5,31200
"2014-03-17 09:43:43.732",77.45,12800,NA,NA
"2014-03-17 09:43:43.741",77.45,12000,NA,NA
"2014-03-17 09:43:43.825",77.45,11600,NA,NA
"2014-03-17 09:43:43.878",77.45,10400,NA,NA
"2014-03-17 09:43:44.021",NA,NA,77.5,30800
"2014-03-17 09:43:46.411",NA,NA,77.5,31200
"2014-03-17 09:43:47.192",NA,NA,77.5,25200
"2014-03-17 09:43:47.196",77.45,9600,NA,NA
"2014-03-17 09:43:47.354",77.45,9200,NA,NA
"2014-03-17 09:43:49.435",NA,NA,77.5,25600
"2014-03-17 09:43:51.076",NA,NA,77.5,41600
"2014-03-17 09:43:51.079",77.4,85600,NA,NA
"2014-03-17 09:43:51.084",NA,NA,77.45,800
"2014-03-17 09:43:51.151",NA,NA,77.5,41600
"2014-03-17 09:43:53.174",NA,NA,77.5,41200
"2014-03-17 09:43:53.174",NA,NA,77.5,42400
"2014-03-17 09:43:53.175",77.4,75600,NA,NA
"2014-03-17 09:43:53.175",77.45,10000,NA,NA
"2014-03-17 09:43:53.179",77.45,8800,NA,NA
"2014-03-17 09:43:53.335",77.45,7600,NA,NA
"2014-03-17 09:43:56.678",77.45,7200,NA,NA
"2014-03-17 09:43:57.304",NA,NA,77.5,41200
"2014-03-17 09:43:57.309",77.45,6800,NA,NA
"2014-03-17 09:43:58.864",77.45,6400,NA,NA
"2014-03-17 09:43:59.455",NA,NA,77.5,40800
"2014-03-17 09:43:59.642",NA,NA,77.5,41200
"2014-03-17 09:44:00.108",NA,NA,77.5,40800
"2014-03-17 09:44:04.139",NA,NA,77.5,41600
"2014-03-17 09:44:05.443",77.4,75600,NA,NA
"2014-03-17 09:44:07.398",NA,NA,77.45,50000
"2014-03-17 09:44:07.496",NA,NA,77.45,50400
"2014-03-17 09:44:07.500",NA,NA,77.45,51600
"2014-03-17 09:44:07.503",NA,NA,77.45,52400
"2014-03-17 09:44:07.587",NA,NA,77.45,54400
"2014-03-17 09:44:07.659",NA,NA,77.45,54000
"2014-03-17 09:44:07.897",NA,NA,77.45,52000
"2014-03-17 09:44:07.902",77.4,75200,NA,NA
"2014-03-17 09:44:08.177",77.4,85200,NA,NA
"2014-03-17 09:44:08.963",NA,NA,77.45,54400
"2014-03-17 09:44:09.271",77.4,86000,NA,NA
"2014-03-17 09:44:10.640",NA,NA,77.45,46400
"2014-03-17 09:44:10.644",77.4,85200,NA,NA
"2014-03-17 09:44:11.252",77.4,86400,NA,NA
"2014-03-17 09:44:11.426",NA,NA,77.45,49200
"2014-03-17 09:44:11.442",NA,NA,77.45,48400
"2014-03-17 09:44:12.447",NA,NA,77.45,50000
"2014-03-17 09:44:13.647",NA,NA,77.45,49600
"2014-03-17 09:44:13.742",NA,NA,77.45,53200
"2014-03-17 09:44:13.755",77.4,108400,NA,NA
"2014-03-17 09:44:16.456",NA,NA,77.45,54000
"2014-03-17 09:44:18.449",NA,NA,77.45,54400
"2014-03-17 09:44:18.714",77.4,109200,NA,NA
"2014-03-17 09:44:19.467",77.4,87200,NA,NA
"2014-03-17 09:44:24.454",NA,NA,77.45,54000
"2014-03-17 09:44:33.417",NA,NA,77.45,53600
"2014-03-17 09:44:36.178",77.4,77200,NA,NA
"2014-03-17 09:44:36.498",NA,NA,77.45,48400
"2014-03-17 09:44:36.502",77.4,76400,NA,NA
"2014-03-17 09:44:40.962",77.4,86400,NA,NA
"2014-03-17 09:44:41.276",77.4,86800,NA,NA
"2014-03-17 09:44:41.379",77.4,86400,NA,NA
"2014-03-17 09:44:43.217",NA,NA,77.45,48800
"2014-03-17 09:44:44.808",77.4,76400,NA,NA
"2014-03-17 09:44:47.116",77.4,86400,NA,NA
"2014-03-17 09:44:54.147",77.4,87200,NA,NA
"2014-03-17 09:44:56.822",77.4,88000,NA,NA
"2014-03-17 09:44:57.882",NA,NA,77.45,48400
"2014-03-17 09:44:58.183",NA,NA,77.45,48000
"2014-03-17 09:45:01.219",77.4,78000,NA,NA
"2014-03-17 09:45:04.573",NA,NA,77.45,47600
"2014-03-17 09:45:05.838",77.4,70000,NA,NA
"2014-03-17 09:45:05.858",77.4,69200,NA,NA
"2014-03-17 09:45:06.020",77.4,68000,NA,NA
"2014-03-17 09:45:06.028",77.4,67600,NA,NA
"2014-03-17 09:45:09.354",77.4,77600,NA,NA
"2014-03-17 09:45:09.776",NA,NA,77.45,47200
"2014-03-17 09:45:09.916",NA,NA,77.45,53200
"2014-03-17 09:45:10.278",77.4,77200,NA,NA
"2014-03-17 09:45:12.492",NA,NA,77.45,52400
"2014-03-17 09:45:19.189",77.4,77600,NA,NA
"2014-03-17 09:45:20.948",NA,NA,77.45,50400
"2014-03-17 09:45:20.955",77.4,77200,NA,NA
"2014-03-17 09:45:21.087",77.4,76800,NA,NA
"2014-03-17 09:45:24.502",77.4,80800,NA,NA
"2014-03-17 09:45:25.251",77.4,102800,NA,NA
"2014-03-17 09:45:25.349",77.4,104000,NA,NA
"2014-03-17 09:45:25.945",77.4,104800,NA,NA
"2014-03-17 09:45:26.989",NA,NA,77.45,49200
"2014-03-17 09:45:26.990",77.4,103600,NA,NA
"2014-03-17 09:45:26.990",NA,NA,77.45,42400
"2014-03-17 09:45:27.023",77.4,102800,NA,NA
"2014-03-17 09:45:27.165",77.4,101600,NA,NA
"2014-03-17 09:45:27.531",77.4,102400,NA,NA
"2014-03-17 09:45:27.616",77.4,103200,NA,NA
"2014-03-17 09:45:33.103",77.4,104800,NA,NA
"2014-03-17 09:45:36.292",77.4,108800,NA,NA
"2014-03-17 09:45:37.363",77.4,104800,NA,NA
"2014-03-17 09:45:40.289",NA,NA,77.45,42000
"2014-03-17 09:45:42.896",NA,NA,77.45,45600
"2014-03-17 09:45:43.967",NA,NA,77.45,48800
"2014-03-17 09:45:48.178",NA,NA,77.45,48000
"2014-03-17 09:45:55.698",77.4,82800,NA,NA
"2014-03-17 09:45:57.028",NA,NA,77.45,38000
"2014-03-17 09:45:57.334",NA,NA,77.45,37200
"2014-03-17 09:45:57.375",77.4,81600,NA,NA
"2014-03-17 09:45:57.380",77.4,81200,NA,NA
"2014-03-17 09:45:57.514",77.4,79600,NA,NA
"2014-03-17 09:45:59.427",NA,NA,77.45,36800
"2014-03-17 09:46:01.056",NA,NA,77.45,36400
"2014-03-17 09:46:02.962",77.4,79200,NA,NA
"2014-03-17 09:46:09.504",NA,NA,77.45,36000
"2014-03-17 09:46:09.732",77.4,80000,NA,NA
"2014-03-17 09:46:15.472",NA,NA,77.45,36400
"2014-03-17 09:46:16.683",NA,NA,77.45,35600
"2014-03-17 09:46:16.687",77.4,79600,NA,NA
"2014-03-17 09:46:25.900",77.4,80400,NA,NA
"2014-03-17 09:46:26.164",NA,NA,77.45,34800
"2014-03-17 09:46:29.724",77.4,80000,NA,NA
"2014-03-17 09:46:32.716",NA,NA,77.45,33600
"2014-03-17 09:46:33.737",NA,NA,77.45,33200
"2014-03-17 09:46:34.914",77.4,80800,NA,NA
"2014-03-17 09:46:36.736",NA,NA,77.45,32400
"2014-03-17 09:46:38.917",NA,NA,77.45,31200
"2014-03-17 09:46:39.891",77.4,80400,NA,NA
"2014-03-17 09:46:40.046",77.4,79600,NA,NA
"2014-03-17 09:46:40.700",NA,NA,77.45,31600
"2014-03-17 09:46:40.928",NA,NA,77.45,31200
"2014-03-17 09:46:49.728",NA,NA,77.45,30800
"2014-03-17 09:46:50.263",NA,NA,77.45,30400
"2014-03-17 09:46:51.200",77.4,80000,NA,NA
"2014-03-17 09:46:56.869",NA,NA,77.45,24400
"2014-03-17 09:46:56.874",77.4,79600,NA,NA
"2014-03-17 09:46:56.878",77.4,79200,NA,NA
"2014-03-17 09:46:56.935",NA,NA,77.45,27600
"2014-03-17 09:46:56.975",NA,NA,77.45,25600
"2014-03-17 09:46:56.980",77.4,78800,NA,NA
"2014-03-17 09:46:57.034",77.4,78400,NA,NA
"2014-03-17 09:46:57.078",77.4,78000,NA,NA
"2014-03-17 09:47:00.473",NA,NA,77.45,25200
"2014-03-17 09:47:00.583",NA,NA,77.45,25600
"2014-03-17 09:47:03.890",NA,NA,77.45,29600
"2014-03-17 09:47:09.615",77.4,78800,NA,NA
"2014-03-17 09:47:10.771",NA,NA,77.45,33600
"2014-03-17 09:47:15.322",NA,NA,77.45,36400
"2014-03-17 09:47:15.485",NA,NA,77.45,36800
"2014-03-17 09:47:15.644",77.4,80000,NA,NA
"2014-03-17 09:47:17.031",NA,NA,77.45,36000
"2014-03-17 09:47:17.138",77.4,80800,NA,NA
"2014-03-17 09:47:18.083",NA,NA,77.45,37200
"2014-03-17 09:47:21.279",77.4,80400,NA,NA
"2014-03-17 09:47:23.708",NA,NA,77.45,17200
"2014-03-17 09:47:23.750",77.4,78400,NA,NA
"2014-03-17 09:47:23.791",77.4,78000,NA,NA
"2014-03-17 09:47:23.954",77.4,78400,NA,NA
"2014-03-17 09:47:24.847",NA,NA,77.45,18000
"2014-03-17 09:47:25.484",NA,NA,77.45,23600
"2014-03-17 09:47:25.694",77.4,79200,NA,NA
"2014-03-17 09:47:27.138",NA,NA,77.45,3600
"2014-03-17 09:47:27.303",NA,NA,77.45,4000
"2014-03-17 09:47:28.262",NA,NA,77.45,3600
"2014-03-17 09:47:28.744",77.4,78800,NA,NA
"2014-03-17 09:47:32.143",NA,NA,77.45,1600
"2014-03-17 09:47:34.207",77.4,80000,NA,NA
"2014-03-17 09:47:43.350",77.4,78000,NA,NA
"2014-03-17 09:47:43.355",77.4,77600,NA,NA
"2014-03-17 09:47:44.632",NA,NA,77.45,2000
"2014-03-17 09:47:48.647",77.4,87600,NA,NA
"2014-03-17 09:47:51.630",77.4,89200,NA,NA
"2014-03-17 09:47:52.282",77.4,89600,NA,NA
"2014-03-17 09:47:52.605",77.4,88000,NA,NA
"2014-03-17 09:48:01.436",NA,NA,77.45,11200
"2014-03-17 09:48:01.439",NA,NA,77.45,12400
"2014-03-17 09:48:01.482",NA,NA,77.45,3200
"2014-03-17 09:48:01.483",NA,NA,77.45,3600
"2014-03-17 09:48:01.590",NA,NA,77.45,3200
"2014-03-17 09:48:04.318",NA,NA,77.45,2800
"2014-03-17 09:48:04.546",77.4,88800,NA,NA
"2014-03-17 09:48:04.561",77.4,90000,NA,NA
"2014-03-17 09:48:05.094",NA,NA,77.45,2000
"2014-03-17 09:48:05.098",77.4,89600,NA,NA
"2014-03-17 09:48:06.148",NA,NA,77.45,4400
"2014-03-17 09:48:06.971",77.4,90400,NA,NA
"2014-03-17 09:48:07.957",NA,NA,77.45,6800
"2014-03-17 09:48:09.453",NA,NA,77.45,22800
"2014-03-17 09:48:10.082",NA,NA,77.45,6800
"2014-03-17 09:48:10.398",NA,NA,77.45,6400
"2014-03-17 09:48:16.422",NA,NA,77.45,10400
"2014-03-17 09:48:19.828",NA,NA,77.45,10000
"2014-03-17 09:48:24.531",NA,NA,77.45,9200
"2014-03-17 09:48:26.149",NA,NA,77.45,25200
"2014-03-17 09:48:27.273",NA,NA,77.45,27200
"2014-03-17 09:48:27.656",NA,NA,77.45,27600
"2014-03-17 09:48:29.133",NA,NA,77.45,26800
"2014-03-17 09:48:34.564",NA,NA,77.45,27600
"2014-03-17 09:48:34.579",NA,NA,77.45,27200
"2014-03-17 09:48:34.773",77.4,91600,NA,NA
"2014-03-17 09:48:36.836",NA,NA,77.45,26800
"2014-03-17 09:48:36.841",77.4,91200,NA,NA
"2014-03-17 09:48:37.925",NA,NA,77.45,10800
"2014-03-17 09:48:37.931",NA,NA,77.45,11200
"2014-03-17 09:48:39.165",NA,NA,77.45,11600
"2014-03-17 09:48:39.226",NA,NA,77.45,11200
"2014-03-17 09:48:40.635",NA,NA,77.45,12000
"2014-03-17 09:48:40.775",NA,NA,77.45,11200
"2014-03-17 09:48:41.656",NA,NA,77.45,11600
"2014-03-17 09:48:54.501",77.4,93200,NA,NA
"2014-03-17 09:48:57.163",NA,NA,77.45,11200
"2014-03-17 09:48:58.984",77.4,92000,NA,NA
"2014-03-17 09:49:01.354",NA,NA,77.45,11600
"2014-03-17 09:49:08.998",NA,NA,77.45,10800
"2014-03-17 09:49:09.992",NA,NA,77.45,10400
"2014-03-17 09:49:12.139",NA,NA,77.45,10000
"2014-03-17 09:49:16.198",77.4,93200,NA,NA
"2014-03-17 09:49:16.749",NA,NA,77.45,10400
"2014-03-17 09:49:19.151",77.4,92800,NA,NA
"2014-03-17 09:49:30.483",NA,NA,77.45,11200
"2014-03-17 09:49:34.130",NA,NA,77.45,14000
"2014-03-17 09:49:35.008",NA,NA,77.45,13200
"2014-03-17 09:49:41.208",NA,NA,77.45,12000
"2014-03-17 09:49:45.231",77.4,93200,NA,NA
"2014-03-17 09:49:46.776",NA,NA,77.45,11200
"2014-03-17 09:49:47.431",77.4,92800,NA,NA
"2014-03-17 09:49:47.431",NA,NA,77.45,10800
"2014-03-17 09:49:53.130",NA,NA,77.45,13600
"2014-03-17 09:50:01.586",NA,NA,77.45,29600
"2014-03-17 09:50:02.975",77.4,82800,NA,NA
"2014-03-17 09:50:02.982",NA,NA,77.45,29200
"2014-03-17 09:50:15.483",NA,NA,77.45,28400
"2014-03-17 09:50:15.484",77.4,92800,NA,NA
"2014-03-17 09:50:15.541",NA,NA,77.45,29200
"2014-03-17 09:50:16.475",NA,NA,77.45,13200
"2014-03-17 09:50:16.482",77.4,92400,NA,NA
"2014-03-17 09:50:16.486",77.4,92000,NA,NA
"2014-03-17 09:50:19.213",77.4,88800,NA,NA
"2014-03-17 09:50:19.242",NA,NA,77.45,12400
"2014-03-17 09:50:19.246",77.4,88400,NA,NA
"2014-03-17 09:50:19.457",NA,NA,77.45,11200
"2014-03-17 09:50:19.519",NA,NA,77.45,13200
"2014-03-17 09:50:24.398",NA,NA,77.45,14400
"2014-03-17 09:50:30.684",NA,NA,77.45,54400
"2014-03-17 09:50:33.276",77.4,88800,NA,NA
"2014-03-17 09:50:35.711",NA,NA,77.45,53200
"2014-03-17 09:50:39.603",77.4,89600,NA,NA
"2014-03-17 09:50:43.220",77.4,90400,NA,NA
"2014-03-17 09:50:45.219",NA,NA,77.45,52800
"2014-03-17 09:50:48.836",77.4,91200,NA,NA
"2014-03-17 09:50:52.846",NA,NA,77.45,52400
"2014-03-17 09:51:05.299",77.4,90800,NA,NA
"2014-03-17 09:51:06.340",77.4,91200,NA,NA
"2014-03-17 09:51:10.801",NA,NA,77.45,51600
"2014-03-17 09:51:12.326",NA,NA,77.45,52000
"2014-03-17 09:51:19.980",77.4,95200,NA,NA
"2014-03-17 09:51:20.816",NA,NA,77.45,52400
"2014-03-17 09:51:21.281",77.4,95600,NA,NA
"2014-03-17 09:51:25.910",NA,NA,77.45,51200
"2014-03-17 09:51:26.902",NA,NA,77.45,53200
"2014-03-17 09:51:28.061",77.4,96400,NA,NA
"2014-03-17 09:51:33.498",NA,NA,77.45,52800
"2014-03-17 09:51:34.787",NA,NA,77.45,55600
"2014-03-17 09:51:36.021",NA,NA,77.45,56400
"2014-03-17 09:51:38.390",NA,NA,77.45,55600
"2014-03-17 09:51:42.950",77.4,96800,NA,NA
"2014-03-17 09:51:46.664",77.4,97200,NA,NA
"2014-03-17 09:51:47.267",77.4,99200,NA,NA
"2014-03-17 09:51:47.413",77.4,101200,NA,NA
"2014-03-17 09:51:48.530",77.4,101600,NA,NA
"2014-03-17 09:51:49.237",NA,NA,77.45,54400
"2014-03-17 09:51:49.242",77.4,101200,NA,NA
"2014-03-17 09:51:51.177",77.4,102000,NA,NA
"2014-03-17 09:51:51.897",NA,NA,77.45,54000
"2014-03-17 09:51:51.925",77.4,101600,NA,NA
"2014-03-17 09:51:51.925",NA,NA,77.45,53600
"2014-03-17 09:51:52.209",77.4,102000,NA,NA
"2014-03-17 09:51:55.202",NA,NA,77.45,47600
"2014-03-17 09:51:55.207",77.4,101200,NA,NA
"2014-03-17 09:51:55.228",NA,NA,77.45,48400
"2014-03-17 09:51:55.274",NA,NA,77.45,52000
"2014-03-17 09:51:59.174",NA,NA,77.45,56000
"2014-03-17 09:52:00.561",NA,NA,77.45,55600
"2014-03-17 09:52:04.014",NA,NA,77.45,63200
"2014-03-17 09:52:05.671",NA,NA,77.45,61600
"2014-03-17 09:52:12.524",77.4,67200,NA,NA
"2014-03-17 09:52:12.531",77.4,64000,NA,NA
"2014-03-17 09:52:12.536",77.4,63600,NA,NA
"2014-03-17 09:52:12.571",77.4,63200,NA,NA
"2014-03-17 09:52:12.680",77.4,62400,NA,NA
"2014-03-17 09:52:12.718",77.4,60800,NA,NA
"2014-03-17 09:52:18.734",NA,NA,77.45,60800
"2014-03-17 09:52:18.767",77.4,60400,NA,NA
"2014-03-17 09:52:24.501",77.4,61200,NA,NA
"2014-03-17 09:52:45.512",NA,NA,77.45,60000
"2014-03-17 09:52:45.584",NA,NA,77.45,60800
"2014-03-17 09:52:52.189",77.4,61600,NA,NA
"2014-03-17 09:52:53.217",NA,NA,77.45,60400
"2014-03-17 09:52:53.421",77.4,62400,NA,NA
"2014-03-17 09:52:53.707",NA,NA,77.45,59600
"2014-03-17 09:52:59.454",77.4,63200,NA,NA
"2014-03-17 09:53:02.708",77.4,64000,NA,NA
"2014-03-17 09:53:03.639",77.4,65200,NA,NA
"2014-03-17 09:53:16.968",NA,NA,77.45,60000
"2014-03-17 09:53:19.514",77.4,64800,NA,NA
"2014-03-17 09:53:19.720",NA,NA,77.45,61200
"2014-03-17 09:53:21.723",NA,NA,77.45,59200
"2014-03-17 09:53:30.683",NA,NA,77.45,57600
"2014-03-17 09:53:30.687",77.4,64400,NA,NA
"2014-03-17 09:53:48.381",77.4,65600,NA,NA
"2014-03-17 09:53:49.581",NA,NA,77.45,56800
"2014-03-17 09:53:49.636",NA,NA,77.45,59600
"2014-03-17 09:53:50.202",NA,NA,77.45,55600
"2014-03-17 09:53:50.206",77.4,65200,NA,NA
"2014-03-17 09:53:50.368",77.4,64800,NA,NA
"2014-03-17 09:53:51.069",77.4,66000,NA,NA
"2014-03-17 09:53:54.238",77.4,65600,NA,NA
"2014-03-17 09:53:54.238",NA,NA,77.45,55200
"2014-03-17 09:53:55.360",NA,NA,77.45,54800
"2014-03-17 09:53:55.365",77.4,65200,NA,NA
"2014-03-17 09:54:03.299",NA,NA,77.45,26800
"2014-03-17 09:54:04.990",NA,NA,77.45,25600
"2014-03-17 09:54:05.844",77.4,65600,NA,NA
"2014-03-17 09:54:06.319",NA,NA,77.45,26000
"2014-03-17 09:54:06.946",77.4,66400,NA,NA
"2014-03-17 09:54:08.888",77.4,67200,NA,NA
"2014-03-17 09:54:09.291",77.4,70000,NA,NA
"2014-03-17 09:54:09.424",NA,NA,77.45,26800
"2014-03-17 09:54:15.072",NA,NA,77.45,27200
"2014-03-17 09:54:16.402",NA,NA,77.45,67200
"2014-03-17 09:54:19.103",NA,NA,77.45,68800
"2014-03-17 09:54:25.011",77.4,70800,NA,NA
"2014-03-17 09:54:28.128",NA,NA,77.45,70400
"2014-03-17 09:54:33.513",NA,NA,77.45,69600
"2014-03-17 09:54:33.958",NA,NA,77.45,69200
"2014-03-17 09:54:42.117",77.4,71200,NA,NA
"2014-03-17 09:54:43.069",NA,NA,77.45,68800
"2014-03-17 09:54:45.488",NA,NA,77.45,69200
"2014-03-17 09:54:50.137",77.4,72000,NA,NA
"2014-03-17 09:54:55.153",NA,NA,77.45,74800
"2014-03-17 09:54:55.285",77.4,72800,NA,NA
"2014-03-17 09:54:57.406",77.4,73600,NA,NA
"2014-03-17 09:55:10.568",77.4,74000,NA,NA
"2014-03-17 09:55:13.036",NA,NA,77.45,34800
"2014-03-17 09:55:15.490",NA,NA,77.45,34000
"2014-03-17 09:55:15.501",NA,NA,77.45,33600
"2014-03-17 09:55:15.557",NA,NA,77.45,34000
"2014-03-17 09:55:15.584",NA,NA,77.45,34800
"2014-03-17 09:55:18.365",77.4,72000,NA,NA
"2014-03-17 09:55:21.312",NA,NA,77.45,35200
"2014-03-17 09:55:24.041",77.4,71600,NA,NA
"2014-03-17 09:55:30.575",77.4,72400,NA,NA
"2014-03-17 09:55:31.582",NA,NA,77.45,34800
"2014-03-17 09:55:32.582",77.4,73200,NA,NA
"2014-03-17 09:55:32.968",NA,NA,77.45,39600
"2014-03-17 09:55:38.584",NA,NA,77.45,39200
"2014-03-17 09:55:42.587",NA,NA,77.45,37600
"2014-03-17 09:55:44.981",77.4,73600,NA,NA
"2014-03-17 09:55:45.139",NA,NA,77.45,38000
"2014-03-17 09:55:45.508",77.4,72400,NA,NA
"2014-03-17 09:55:45.508",NA,NA,77.45,36800
"2014-03-17 09:55:48.463",77.4,75200,NA,NA
"2014-03-17 09:55:48.665",77.4,97200,NA,NA
"2014-03-17 09:55:52.065",NA,NA,77.45,36400
"2014-03-17 09:55:52.181",77.4,98400,NA,NA
"2014-03-17 09:55:54.239",NA,NA,77.45,41600
"2014-03-17 09:55:55.164",77.4,98800,NA,NA
"2014-03-17 09:55:55.703",NA,NA,77.45,42000
"2014-03-17 09:55:59.440",NA,NA,77.45,41600
"2014-03-17 09:56:00.240",77.4,98400,NA,NA
"2014-03-17 09:56:00.245",77.4,98000,NA,NA
"2014-03-17 09:56:01.160",77.4,95200,NA,NA
"2014-03-17 09:56:02.102",NA,NA,77.45,42000
"2014-03-17 09:56:03.487",77.4,92800,NA,NA
"2014-03-17 09:56:03.492",77.4,92400,NA,NA
"2014-03-17 09:56:03.571",NA,NA,77.45,44800
"2014-03-17 09:56:07.716",77.4,92800,NA,NA
"2014-03-17 09:56:14.962",NA,NA,77.45,37200
"2014-03-17 09:56:14.962",77.4,85200,NA,NA
"2014-03-17 09:56:14.967",77.4,84400,NA,NA
"2014-03-17 09:56:16.658",NA,NA,77.45,39600
"2014-03-17 09:56:17.016",77.4,84000,NA,NA
"2014-03-17 09:56:17.169",77.4,83600,NA,NA
"2014-03-17 09:56:27.848",NA,NA,77.45,27600
"2014-03-17 09:56:27.852",77.4,86400,NA,NA
"2014-03-17 09:56:30.001",77.4,86800,NA,NA
"2014-03-17 09:56:32.336",NA,NA,77.5,73200
"2014-03-17 09:56:33.522",NA,NA,77.5,73600
"2014-03-17 09:56:33.729",NA,NA,77.45,6000
"2014-03-17 09:56:33.738",NA,NA,77.45,7200
"2014-03-17 09:56:36.846",77.4,111200,NA,NA
"2014-03-17 09:56:36.954",77.4,86800,NA,NA
"2014-03-17 09:56:37.510",77.4,111200,NA,NA
"2014-03-17 09:56:37.627",NA,NA,77.45,2000
"2014-03-17 09:56:37.629",NA,NA,77.5,72400
"2014-03-17 09:56:38.305",77.45,800,NA,NA
"2014-03-17 09:56:38.308",77.45,3600,NA,NA
"2014-03-17 09:56:38.309",77.45,2800,NA,NA
"2014-03-17 09:56:38.310",77.4,111200,NA,NA
"2014-03-17 09:56:38.313",NA,NA,77.45,800
"2014-03-17 09:56:38.315",NA,NA,77.5,72400
"2014-03-17 09:56:38.319",NA,NA,77.45,800
"2014-03-17 09:56:38.412",NA,NA,77.5,72400
"2014-03-17 09:56:38.453",77.4,86800,NA,NA
"2014-03-17 09:56:39.378",NA,NA,77.45,400
"2014-03-17 09:56:42.738",77.4,86000,NA,NA
"2014-03-17 09:56:44.110",77.45,800,77.5,72400
"2014-03-17 09:56:44.138",77.4,86000,NA,NA
"2014-03-17 09:56:44.142",NA,NA,77.45,800
"2014-03-17 09:56:44.178",NA,NA,77.5,72400
"2014-03-17 09:56:44.190",NA,NA,77.5,72000
"2014-03-17 09:56:45.007",NA,NA,77.45,800
"2014-03-17 09:56:47.422",NA,NA,77.5,72000
"2014-03-17 09:56:51.663",NA,NA,77.5,71600
"2014-03-17 09:56:52.213",77.4,83200,NA,NA
"2014-03-17 09:56:57.814",77.4,83600,NA,NA
"2014-03-17 09:57:06.151",77.4,83200,NA,NA
"2014-03-17 09:57:06.151",77.45,400,NA,NA
"2014-03-17 09:57:06.155",77.4,83200,NA,NA
"2014-03-17 09:57:06.157",77.4,73200,NA,NA
"2014-03-17 09:57:06.157",77.45,10000,NA,NA
"2014-03-17 09:57:06.161",77.45,7200,NA,NA
"2014-03-17 09:57:08.759",NA,NA,77.5,70800
"2014-03-17 09:57:08.763",77.45,6800,NA,NA
"2014-03-17 09:57:12.279",NA,NA,77.5,71200
"2014-03-17 09:57:13.117",77.45,26800,NA,NA
"2014-03-17 09:57:20.396",77.45,27200,NA,NA
"2014-03-17 09:57:35.634",77.45,28800,NA,NA
"2014-03-17 09:57:40.921",77.45,36800,NA,NA
"2014-03-17 09:57:43.122",NA,NA,77.5,70800
"2014-03-17 09:57:52.207",NA,NA,77.5,68800
"2014-03-17 09:57:55.506",77.45,40000,NA,NA
"2014-03-17 09:57:58.069",NA,NA,77.5,72000
"2014-03-17 09:58:02.943",77.45,42000,NA,NA
"2014-03-17 09:58:05.851",77.45,46000,NA,NA
"2014-03-17 09:58:08.536",77.45,42800,NA,NA
"2014-03-17 09:58:13.270",NA,NA,77.5,71200
"2014-03-17 09:58:13.540",77.45,45600,NA,NA
"2014-03-17 09:58:17.320",NA,NA,77.5,74800
"2014-03-17 09:58:23.183",NA,NA,77.5,73600
"2014-03-17 09:58:23.187",77.45,45200,NA,NA
"2014-03-17 09:58:35.507",NA,NA,77.5,73200
"2014-03-17 09:58:39.457",77.45,45600,NA,NA
"2014-03-17 09:58:40.644",77.45,42800,NA,NA
"2014-03-17 09:58:44.483",NA,NA,77.5,72800
"2014-03-17 09:58:48.801",NA,NA,77.5,62800
"2014-03-17 09:58:48.806",77.45,42000,NA,NA
"2014-03-17 09:58:48.810",77.45,41600,NA,NA
"2014-03-17 09:58:56.118",NA,NA,77.5,62400
"2014-03-17 09:59:01.263",NA,NA,77.5,62000
"2014-03-17 09:59:04.486",NA,NA,77.5,61600
"2014-03-17 09:59:07.030",NA,NA,77.5,62000
"2014-03-17 09:59:21.409",NA,NA,77.5,61600
"2014-03-17 09:59:23.827",77.45,43600,NA,NA
"2014-03-17 09:59:24.580",NA,NA,77.5,71600
"2014-03-17 09:59:27.493",NA,NA,77.5,71200
"2014-03-17 09:59:32.470",77.45,44400,NA,NA
"2014-03-17 09:59:36.571",NA,NA,77.5,61200
"2014-03-17 09:59:47.342",NA,NA,77.5,61600
"2014-03-17 09:59:47.631",NA,NA,77.5,59600
"2014-03-17 09:59:47.635",77.45,44000,NA,NA
"2014-03-17 09:59:48.932",NA,NA,77.5,59200
"2014-03-17 09:59:50.332",NA,NA,77.5,58800
"2014-03-17 09:59:53.101",77.45,44800,NA,NA
"2014-03-17 09:59:54.392",NA,NA,77.5,48800
"2014-03-17 09:59:54.396",77.45,44000,NA,NA
"2014-03-17 09:59:54.401",77.45,43600,NA,NA
"2014-03-17 10:00:01.893",NA,NA,77.5,48000
"2014-03-17 10:00:06.671",77.45,44400,NA,NA
"2014-03-17 10:00:12.689",NA,NA,77.5,44000
"2014-03-17 10:00:12.695",77.45,44000,NA,NA
"2014-03-17 10:00:23.434",77.45,42000,NA,NA
"2014-03-17 10:00:27.922",77.45,42400,NA,NA
"2014-03-17 10:00:29.008",NA,NA,77.5,46000
"2014-03-17 10:00:34.717",NA,NA,77.5,41200
"2014-03-17 10:00:34.721",77.45,42000,NA,NA
"2014-03-17 10:00:34.730",NA,NA,77.5,45600
"2014-03-17 10:00:35.726",77.45,39200,NA,NA
"2014-03-17 10:00:35.726",77.45,49200,NA,NA
"2014-03-17 10:00:40.384",77.45,46400,NA,NA
"2014-03-17 10:00:40.389",77.45,46000,NA,NA
"2014-03-17 10:00:41.027",NA,NA,77.5,30000
"2014-03-17 10:00:41.031",77.45,44400,NA,NA
"2014-03-17 10:00:41.172",77.45,43600,NA,NA
"2014-03-17 10:00:41.177",77.45,43200,NA,NA
"2014-03-17 10:00:42.019",NA,NA,77.5,29600
"2014-03-17 10:00:42.200",NA,NA,77.5,29200
"2014-03-17 10:00:44.527",NA,NA,77.5,30000
"2014-03-17 10:00:44.849",77.45,44400,NA,NA
"2014-03-17 10:00:45.347",77.45,45600,NA,NA
"2014-03-17 10:00:47.503",NA,NA,77.5,24800
"2014-03-17 10:00:47.508",77.45,45200,NA,NA
"2014-03-17 10:00:47.671",77.45,44400,NA,NA
"2014-03-17 10:00:48.301",NA,NA,77.5,24000
"2014-03-17 10:00:48.306",77.45,44000,NA,NA
"2014-03-17 10:00:48.761",NA,NA,77.5,22800
"2014-03-17 10:00:51.625",NA,NA,77.5,30400
"2014-03-17 10:00:53.846",NA,NA,77.5,33200
"2014-03-17 10:00:55.243",77.45,43600,NA,NA
"2014-03-17 10:00:55.388",77.45,43200,NA,NA
"2014-03-17 10:00:56.560",NA,NA,77.5,31200
"2014-03-17 10:00:56.565",77.45,42800,NA,NA
"2014-03-17 10:01:01.549",NA,NA,77.5,30800
"2014-03-17 10:01:05.316",77.45,48000,NA,NA
"2014-03-17 10:01:14.264",NA,NA,77.5,34800
"2014-03-17 10:01:17.022",NA,NA,77.5,34000
"2014-03-17 10:01:18.518",NA,NA,77.5,24000
"2014-03-17 10:01:18.551",77.45,46800,NA,NA
"2014-03-17 10:01:18.698",77.45,45200,NA,NA
"2014-03-17 10:01:18.808",NA,NA,77.5,26800
"2014-03-17 10:01:23.728",NA,NA,77.5,26000
"2014-03-17 10:01:23.742",77.45,44800,NA,NA
"2014-03-17 10:01:27.513",NA,NA,77.5,24800
"2014-03-17 10:01:28.957",NA,NA,77.5,24400
"2014-03-17 10:01:29.991",77.45,45600,NA,NA
"2014-03-17 10:01:32.386",77.45,46400,NA,NA
"2014-03-17 10:01:33.957",NA,NA,77.5,24000
"2014-03-17 10:01:35.352",77.45,48400,NA,NA
"2014-03-17 10:01:40.798",NA,NA,77.5,23200
"2014-03-17 10:01:41.829",NA,NA,77.5,26400
"2014-03-17 10:01:44.090",NA,NA,77.5,26800
"2014-03-17 10:01:46.067",NA,NA,77.5,26400
"2014-03-17 10:01:53.845",NA,NA,77.5,26800
"2014-03-17 10:01:55.966",NA,NA,77.5,18000
"2014-03-17 10:01:55.971",77.45,47200,NA,NA
"2014-03-17 10:01:55.984",NA,NA,77.5,22800
"2014-03-17 10:01:56.929",77.45,48000,NA,NA
"2014-03-17 10:01:58.180",NA,NA,77.5,20800
"2014-03-17 10:02:04.154",NA,NA,77.5,22800
"2014-03-17 10:02:05.034",NA,NA,77.5,21200
"2014-03-17 10:02:05.035",77.45,47600,NA,NA
"2014-03-17 10:02:20.179",NA,NA,77.5,20800
"2014-03-17 10:02:21.352",NA,NA,77.5,20000
"2014-03-17 10:02:21.753",NA,NA,77.5,18000
"2014-03-17 10:02:21.757",77.45,47200,NA,NA
"2014-03-17 10:02:22.743",NA,NA,77.5,19600
"2014-03-17 10:02:25.414",NA,NA,77.5,17600
"2014-03-17 10:02:29.155",77.45,47600,NA,NA
"2014-03-17 10:02:32.384",NA,NA,77.5,17200
"2014-03-17 10:02:35.418",77.45,50000,NA,NA
"2014-03-17 10:02:37.330",77.45,50800,NA,NA
"2014-03-17 10:02:39.415",NA,NA,77.5,17600
"2014-03-17 10:02:57.212",77.45,52000,NA,NA
"2014-03-17 10:02:57.212",NA,NA,77.5,17200
"2014-03-17 10:03:00.488",77.45,52800,NA,NA
"2014-03-17 10:03:02.287",NA,NA,77.5,16800
"2014-03-17 10:03:02.291",77.45,52400,NA,NA
"2014-03-17 10:03:05.398",NA,NA,77.5,19600
"2014-03-17 10:03:06.992",NA,NA,77.5,18400
"2014-03-17 10:03:12.840",NA,NA,77.5,17600
"2014-03-17 10:03:19.469",NA,NA,77.5,20000
"2014-03-17 10:03:22.085",NA,NA,77.5,18800
"2014-03-17 10:03:22.226",77.45,55600,NA,NA
"2014-03-17 10:03:24.616",NA,NA,77.5,18400
"2014-03-17 10:03:24.691",NA,NA,77.5,18000
"2014-03-17 10:03:25.432",77.45,52400,NA,NA
"2014-03-17 10:03:26.669",NA,NA,77.5,18400
"2014-03-17 10:03:26.719",NA,NA,77.5,18000
"2014-03-17 10:03:32.341",77.45,55600,NA,NA
"2014-03-17 10:03:35.705",77.45,56400,NA,NA
"2014-03-17 10:03:39.638",77.45,56800,NA,NA
"2014-03-17 10:03:40.817",77.45,53600,NA,NA
"2014-03-17 10:03:46.885",NA,NA,77.5,17600
"2014-03-17 10:03:49.358",77.45,50400,NA,NA
"2014-03-17 10:03:52.295",NA,NA,77.5,19600
"2014-03-17 10:03:54.424",NA,NA,77.5,20000
"2014-03-17 10:03:56.929",NA,NA,77.5,16000
"2014-03-17 10:03:57.270",77.45,53200,NA,NA
"2014-03-17 10:04:00.969",NA,NA,77.5,15600
"2014-03-17 10:04:01.634",77.45,54400,NA,NA
"2014-03-17 10:04:01.666",NA,NA,77.5,24400
"2014-03-17 10:04:04.300",NA,NA,77.5,24000
"2014-03-17 10:04:08.029",NA,NA,77.5,22800
"2014-03-17 10:04:08.050",NA,NA,77.5,25600
"2014-03-17 10:04:08.395",77.45,51600,NA,NA
"2014-03-17 10:04:09.639",NA,NA,77.5,25200
"2014-03-17 10:04:09.644",77.45,50400,NA,NA
"2014-03-17 10:04:18.380",77.45,49200,NA,NA
"2014-03-17 10:04:25.377",NA,NA,77.5,24400
"2014-03-17 10:04:25.381",77.45,48800,NA,NA
"2014-03-17 10:04:26.383",NA,NA,77.5,24000
"2014-03-17 10:04:32.193",NA,NA,77.5,23200
"2014-03-17 10:04:33.000",77.45,49200,NA,NA
"2014-03-17 10:04:34.699",NA,NA,77.5,26800
"2014-03-17 10:04:39.426",NA,NA,77.5,27200
"2014-03-17 10:04:39.755",NA,NA,77.5,26800
"2014-03-17 10:04:43.645",77.45,50000,NA,NA
"2014-03-17 10:04:45.648",77.45,50400,NA,NA
"2014-03-17 10:04:46.122",77.45,51200,NA,NA
"2014-03-17 10:04:46.648",NA,NA,77.5,26000
"2014-03-17 10:04:50.855",NA,NA,77.5,25600
"2014-03-17 10:04:56.952",77.45,61200,NA,NA
"2014-03-17 10:05:00.518",NA,NA,77.5,26000
"2014-03-17 10:05:00.854",77.45,60000,NA,NA
"2014-03-17 10:05:00.854",NA,NA,77.5,27200
"2014-03-17 10:05:02.087",NA,NA,77.5,26800
"2014-03-17 10:05:03.766",NA,NA,77.5,27200
"2014-03-17 10:05:06.373",NA,NA,77.5,25600
"2014-03-17 10:05:07.450",NA,NA,77.5,28400
"2014-03-17 10:05:09.474",77.45,66000,NA,NA
"2014-03-17 10:05:09.609",77.45,75600,NA,NA
"2014-03-17 10:05:09.616",77.45,75200,NA,NA
"2014-03-17 10:05:09.621",77.45,74800,NA,NA
"2014-03-17 10:05:10.312",NA,NA,77.55,88800
"2014-03-17 10:05:10.315",NA,NA,77.55,72800
"2014-03-17 10:05:10.371",NA,NA,77.55,76800
"2014-03-17 10:05:10.387",NA,NA,77.55,76000
"2014-03-17 10:05:10.401",NA,NA,77.55,69600
"2014-03-17 10:05:10.401",NA,NA,77.55,70000
"2014-03-17 10:05:10.682",NA,NA,77.55,66000
"2014-03-17 10:05:11.569",NA,NA,77.5,2800
"2014-03-17 10:05:11.581",NA,NA,77.5,6800
"2014-03-17 10:05:11.648",NA,NA,77.5,10400
"2014-03-17 10:05:11.959",NA,NA,77.5,10000
"2014-03-17 10:05:18.882",NA,NA,77.5,9200
"2014-03-17 10:05:20.123",NA,NA,77.5,10400
"2014-03-17 10:05:20.483",NA,NA,77.5,11600
"2014-03-17 10:05:24.536",77.45,75600,NA,NA
"2014-03-17 10:05:30.516",NA,NA,77.5,26400
"2014-03-17 10:05:31.674",NA,NA,77.5,24400
"2014-03-17 10:05:33.140",NA,NA,77.5,23600
"2014-03-17 10:05:34.269",NA,NA,77.5,23200
"2014-03-17 10:05:38.180",77.45,77600,NA,NA
"2014-03-17 10:05:39.952",77.45,78400,NA,NA
"2014-03-17 10:05:42.287",77.45,78000,NA,NA
"2014-03-17 10:05:42.292",77.45,74800,NA,NA
"2014-03-17 10:05:42.297",77.45,74400,NA,NA
"2014-03-17 10:05:43.588",NA,NA,77.5,25200
"2014-03-17 10:05:43.841",NA,NA,77.5,23200
"2014-03-17 10:05:43.849",77.45,74000,NA,NA
"2014-03-17 10:05:43.861",NA,NA,77.5,27200
"2014-03-17 10:05:46.117",NA,NA,77.5,56000
"2014-03-17 10:05:51.346",77.45,83600,NA,NA
"2014-03-17 10:06:04.447",77.45,83200,NA,NA
"2014-03-17 10:06:04.447",NA,NA,77.5,55600
"2014-03-17 10:06:05.649",NA,NA,77.5,53600
"2014-03-17 10:06:05.653",77.45,82800,NA,NA
"2014-03-17 10:06:06.377",77.45,86800,NA,NA
"2014-03-17 10:06:08.483",NA,NA,77.5,52400
"2014-03-17 10:06:09.430",NA,NA,77.5,53200
"2014-03-17 10:06:11.185",NA,NA,77.5,59600
"2014-03-17 10:06:11.291",NA,NA,77.5,53200
"2014-03-17 10:06:11.693",77.45,87600,NA,NA
"2014-03-17 10:06:17.652",77.45,89600,NA,NA
"2014-03-17 10:06:19.699",77.45,88800,NA,NA
"2014-03-17 10:06:19.699",NA,NA,77.5,52400
"2014-03-17 10:06:19.894",NA,NA,77.5,52000
"2014-03-17 10:06:21.098",77.45,89200,NA,NA
"2014-03-17 10:06:23.097",77.45,88800,NA,NA
"2014-03-17 10:06:27.759",NA,NA,77.5,51200
"2014-03-17 10:06:27.764",77.45,88400,NA,NA
"2014-03-17 10:06:30.745",NA,NA,77.5,50800
"2014-03-17 10:06:37.907",NA,NA,77.5,51200
"2014-03-17 10:06:38.049",NA,NA,77.5,50400
"2014-03-17 10:06:40.908",NA,NA,77.5,50800
"2014-03-17 10:06:45.523",NA,NA,77.5,51200
"2014-03-17 10:06:45.969",NA,NA,77.5,50400
"2014-03-17 10:06:48.110",NA,NA,77.5,50800
"2014-03-17 10:06:54.972",NA,NA,77.5,49600
"2014-03-17 10:06:55.291",77.45,88800,NA,NA
"2014-03-17 10:06:56.585",77.45,90800,NA,NA
"2014-03-17 10:06:57.947",77.45,91200,NA,NA
"2014-03-17 10:06:59.961",77.45,92400,NA,NA
"2014-03-17 10:07:01.120",NA,NA,77.5,49200
"2014-03-17 10:07:06.957",NA,NA,77.5,50800
"2014-03-17 10:07:07.283",77.45,92800,NA,NA
"2014-03-17 10:07:08.663",77.45,92400,NA,NA
"2014-03-17 10:07:11.600",NA,NA,77.5,50000
"2014-03-17 10:07:12.148",NA,NA,77.5,51200
"2014-03-17 10:07:14.193",77.45,92800,NA,NA
"2014-03-17 10:07:15.050",NA,NA,77.5,50400
"2014-03-17 10:07:15.318",77.45,93200,NA,NA
"2014-03-17 10:07:20.778",NA,NA,77.5,52000
"2014-03-17 10:07:27.067",NA,NA,77.5,50000
"2014-03-17 10:07:27.071",77.45,92800,NA,NA
"2014-03-17 10:07:28.415",77.45,96000,NA,NA
"2014-03-17 10:07:34.994",NA,NA,77.5,49200
"2014-03-17 10:07:38.666",77.45,96400,NA,NA
"2014-03-17 10:07:40.041",NA,NA,77.5,43200
"2014-03-17 10:07:40.045",77.45,96000,NA,NA
"2014-03-17 10:07:40.105",77.45,90000,NA,NA
"2014-03-17 10:07:40.108",77.45,80400,NA,NA
"2014-03-17 10:07:40.110",NA,NA,77.5,30400
"2014-03-17 10:07:40.151",77.45,78800,NA,NA
"2014-03-17 10:07:40.152",NA,NA,77.5,34800
"2014-03-17 10:07:41.964",NA,NA,77.5,30400
"2014-03-17 10:07:42.006",77.45,78400,NA,NA
"2014-03-17 10:07:42.021",NA,NA,77.5,34400
"2014-03-17 10:07:42.363",77.45,78800,NA,NA
"2014-03-17 10:07:43.205",NA,NA,77.5,34800
"2014-03-17 10:07:43.527",NA,NA,77.5,34400
"2014-03-17 10:07:44.096",77.45,80800,NA,NA
"2014-03-17 10:07:44.894",NA,NA,77.5,34000
"2014-03-17 10:07:45.095",NA,NA,77.5,33600
"2014-03-17 10:07:45.099",77.45,80400,NA,NA
"2014-03-17 10:07:45.526",NA,NA,77.5,33200
"2014-03-17 10:07:45.533",NA,NA,77.5,32800
"2014-03-17 10:07:45.551",NA,NA,77.5,33200
"2014-03-17 10:07:49.001",NA,NA,77.5,35200
"2014-03-17 10:07:52.574",77.45,75200,NA,NA
"2014-03-17 10:07:52.579",77.45,74800,NA,NA
"2014-03-17 10:07:56.004",77.45,57200,NA,NA
"2014-03-17 10:07:56.009",77.45,55200,NA,NA
"2014-03-17 10:07:56.167",77.45,54400,NA,NA
"2014-03-17 10:08:01.259",NA,NA,77.5,34400
"2014-03-17 10:08:01.635",NA,NA,77.5,33600
"2014-03-17 10:08:01.639",77.45,54000,NA,NA
"2014-03-17 10:08:01.879",77.45,44000,NA,NA
"2014-03-17 10:08:01.879",NA,NA,77.5,23600
"2014-03-17 10:08:01.883",77.45,43200,NA,NA
"2014-03-17 10:08:02.037",77.45,42000,NA,NA
"2014-03-17 10:08:02.086",77.45,44000,NA,NA
"2014-03-17 10:08:06.599",NA,NA,77.5,32000
"2014-03-17 10:08:07.726",77.45,44800,NA,NA
"2014-03-17 10:08:10.046",77.45,44400,NA,NA
"2014-03-17 10:08:10.713",NA,NA,77.5,24000
"2014-03-17 10:08:11.348",77.45,45200,NA,NA
"2014-03-17 10:08:12.343",77.45,46800,NA,NA
"2014-03-17 10:08:13.240",NA,NA,77.5,23600
"2014-03-17 10:08:13.521",77.45,47600,NA,NA
"2014-03-17 10:08:19.439",77.45,59600,NA,NA
"2014-03-17 10:08:20.067",77.45,58800,NA,NA
"2014-03-17 10:08:20.220",77.45,57600,NA,NA
"2014-03-17 10:08:20.740",NA,NA,77.5,24800
"2014-03-17 10:08:22.171",77.45,58000,NA,NA
"2014-03-17 10:08:22.778",NA,NA,77.5,24000
"2014-03-17 10:08:23.416",NA,NA,77.5,28000
"2014-03-17 10:08:23.897",77.45,58400,NA,NA
"2014-03-17 10:08:30.069",77.45,58000,NA,NA
"2014-03-17 10:08:39.467",NA,NA,77.5,28400
"2014-03-17 10:08:41.077",NA,NA,77.5,86400
"2014-03-17 10:08:45.528",NA,NA,77.5,86800
"2014-03-17 10:08:45.551",77.45,56800,NA,NA
"2014-03-17 10:08:45.702",77.45,56400,NA,NA
"2014-03-17 10:09:00.528",NA,NA,77.5,86400
"2014-03-17 10:09:00.577",NA,NA,77.5,86800
"2014-03-17 10:09:01.751",77.45,57200,NA,NA
"2014-03-17 10:09:08.578",77.45,57600,NA,NA
"2014-03-17 10:09:10.086",NA,NA,77.5,86000
"2014-03-17 10:09:17.284",NA,NA,77.5,85600
"2014-03-17 10:09:23.072",77.45,62400,NA,NA
"2014-03-17 10:09:23.500",77.45,62000,NA,NA
"2014-03-17 10:09:29.181",NA,NA,77.5,80400
"2014-03-17 10:09:29.186",77.45,61200,NA,NA
"2014-03-17 10:09:29.209",NA,NA,77.5,84000
"2014-03-17 10:09:29.232",77.45,63200,NA,NA
"2014-03-17 10:09:29.333",77.45,62400,NA,NA
"2014-03-17 10:09:29.377",77.45,61600,NA,NA
"2014-03-17 10:09:29.472",NA,NA,77.5,84800
"2014-03-17 10:09:29.559",NA,NA,77.5,88000
"2014-03-17 10:09:40.756",NA,NA,77.5,87600
"2014-03-17 10:09:40.869",NA,NA,77.5,86800
"2014-03-17 10:09:40.873",77.45,61200,NA,NA
"2014-03-17 10:09:41.220",77.45,62000,NA,NA
"2014-03-17 10:09:41.412",NA,NA,77.5,86400
"2014-03-17 10:09:46.638",NA,NA,77.5,89200
"2014-03-17 10:09:48.283",NA,NA,77.5,87200
"2014-03-17 10:09:50.003",77.45,61600,NA,NA
"2014-03-17 10:09:50.003",NA,NA,77.5,86800
"2014-03-17 10:09:52.438",77.45,62000,NA,NA
"2014-03-17 10:09:53.190",NA,NA,77.5,86000
"2014-03-17 10:09:53.194",77.45,61600,NA,NA
"2014-03-17 10:09:54.442",NA,NA,77.5,86400
"2014-03-17 10:10:00.819",NA,NA,77.5,88800
"2014-03-17 10:10:01.728",77.45,62400,NA,NA
"2014-03-17 10:10:02.846",77.45,62800,NA,NA
"2014-03-17 10:10:06.738",NA,NA,77.5,94800
"2014-03-17 10:10:12.147",NA,NA,77.5,96000
"2014-03-17 10:10:19.191",NA,NA,77.5,92400
"2014-03-17 10:10:19.209",NA,NA,77.5,94000
"2014-03-17 10:10:21.734",77.45,63200,NA,NA
"2014-03-17 10:10:30.535",NA,NA,77.5,93600
"2014-03-17 10:10:30.569",NA,NA,77.5,93200
"2014-03-17 10:10:30.609",NA,NA,77.5,93600
"2014-03-17 10:10:30.630",NA,NA,77.5,94000
"2014-03-17 10:10:36.012",NA,NA,77.5,93200
"2014-03-17 10:10:46.004",NA,NA,77.5,93600
"2014-03-17 10:10:46.216",NA,NA,77.5,92400
"2014-03-17 10:10:46.319",NA,NA,77.5,94800
"2014-03-17 10:10:47.372",77.45,64400,NA,NA
"2014-03-17 10:10:51.910",77.45,64800,NA,NA
"2014-03-17 10:10:52.310",NA,NA,77.5,84800
"2014-03-17 10:10:52.350",77.45,63600,NA,NA
"2014-03-17 10:10:52.421",NA,NA,77.5,86800
"2014-03-17 10:10:53.395",NA,NA,77.5,87200
"2014-03-17 10:10:56.402",NA,NA,77.5,86800
"2014-03-17 10:10:56.946",77.45,64800,NA,NA
"2014-03-17 10:10:59.026",NA,NA,77.5,86400
"2014-03-17 10:11:00.740",77.45,65200,NA,NA
"2014-03-17 10:11:02.391",NA,NA,77.5,87200
"2014-03-17 10:11:06.592",NA,NA,77.5,87600
"2014-03-17 10:11:09.442",NA,NA,77.5,88000
"2014-03-17 10:11:11.232",77.45,67200,NA,NA
"2014-03-17 10:11:14.683",77.45,67600,NA,NA
"2014-03-17 10:11:16.103",77.45,68000,NA,NA
"2014-03-17 10:11:19.082",NA,NA,77.5,91200
"2014-03-17 10:11:28.267",NA,NA,77.5,84000
"2014-03-17 10:11:28.272",77.45,67200,NA,NA
"2014-03-17 10:11:28.549",NA,NA,77.5,78000
"2014-03-17 10:11:32.007",77.45,61200,NA,NA
"2014-03-17 10:11:32.012",77.45,60400,NA,NA
"2014-03-17 10:11:32.619",NA,NA,77.5,77600
"2014-03-17 10:11:33.283",NA,NA,77.5,75600
"2014-03-17 10:11:33.288",77.45,60000,NA,NA
"2014-03-17 10:11:34.160",NA,NA,77.5,91600
"2014-03-17 10:11:36.042",77.45,62000,NA,NA
"2014-03-17 10:11:36.750",NA,NA,77.5,88800
"2014-03-17 10:11:39.802",77.45,62800,NA,NA
"2014-03-17 10:11:41.945",NA,NA,77.5,72800
"2014-03-17 10:11:42.419",77.45,63200,NA,NA
"2014-03-17 10:11:44.928",77.45,65200,NA,NA
"2014-03-17 10:11:45.535",NA,NA,77.5,72400
"2014-03-17 10:11:45.538",NA,NA,77.5,72000
"2014-03-17 10:11:45.595",NA,NA,77.5,72400
"2014-03-17 10:11:45.601",NA,NA,77.5,72800
"2014-03-17 10:11:50.608",NA,NA,77.5,76000
"2014-03-17 10:11:59.771",77.45,65600,NA,NA
"2014-03-17 10:12:04.345",NA,NA,77.5,75200
"2014-03-17 10:12:04.364",77.45,65200,NA,NA
"2014-03-17 10:12:11.620",NA,NA,77.5,74800
"2014-03-17 10:12:11.814",77.45,75200,NA,NA
"2014-03-17 10:12:12.441",NA,NA,77.5,74400
"2014-03-17 10:12:14.156",NA,NA,77.5,73200
"2014-03-17 10:12:15.108",NA,NA,77.5,72000
"2014-03-17 10:12:17.791",NA,NA,77.5,71600
"2014-03-17 10:12:17.796",77.45,74800,NA,NA
"2014-03-17 10:12:22.868",NA,NA,77.5,71200
"2014-03-17 10:12:23.677",NA,NA,77.5,71600
"2014-03-17 10:12:24.464",NA,NA,77.5,72000
"2014-03-17 10:12:24.761",77.45,72800,NA,NA
"2014-03-17 10:12:38.334",NA,NA,77.5,27200
"2014-03-17 10:12:38.660",NA,NA,77.5,31200
"2014-03-17 10:12:38.886",77.45,73600,NA,NA
"2014-03-17 10:12:39.277",NA,NA,77.5,27200
"2014-03-17 10:12:40.331",NA,NA,77.5,31200
"2014-03-17 10:12:42.255",NA,NA,77.5,30000
"2014-03-17 10:12:42.260",77.45,73200,NA,NA
"2014-03-17 10:12:43.282",NA,NA,77.5,29600
"2014-03-17 10:12:46.750",77.45,75200,NA,NA
"2014-03-17 10:12:56.338",77.45,79200,NA,NA
"2014-03-17 10:12:59.103",77.45,80000,NA,NA
"2014-03-17 10:13:00.596",NA,NA,77.5,31600
"2014-03-17 10:13:01.532",77.45,82000,NA,NA
"2014-03-17 10:13:03.502",NA,NA,77.5,33200
"2014-03-17 10:13:04.868",NA,NA,77.5,32400
"2014-03-17 10:13:11.088",77.45,82400,NA,NA
"2014-03-17 10:13:16.534",NA,NA,77.5,31600
"2014-03-17 10:13:16.831",NA,NA,77.5,47600
"2014-03-17 10:13:21.543",NA,NA,77.5,31600
"2014-03-17 10:13:23.302",NA,NA,77.5,31200
"2014-03-17 10:13:31.298",77.45,83200,NA,NA
"2014-03-17 10:13:32.252",77.45,82800,NA,NA
"2014-03-17 10:13:32.309",NA,NA,77.5,30800
"2014-03-17 10:13:36.744",NA,NA,77.5,30400
"2014-03-17 10:13:37.063",NA,NA,77.5,27600
"2014-03-17 10:13:39.028",77.45,80000,NA,NA
"2014-03-17 10:13:39.033",77.45,79600,NA,NA
"2014-03-17 10:13:39.302",NA,NA,77.5,28000
"2014-03-17 10:13:39.453",NA,NA,77.5,28400
"2014-03-17 10:13:43.447",77.45,80000,NA,NA
"2014-03-17 10:13:43.520",NA,NA,77.5,30400
"2014-03-17 10:13:47.189",NA,NA,77.5,30000
"2014-03-17 10:13:57.194",77.45,80400,NA,NA
"2014-03-17 10:13:57.653",NA,NA,77.5,20800
"2014-03-17 10:14:00.176",77.45,79200,NA,NA
"2014-03-17 10:14:00.542",NA,NA,77.5,20400
"2014-03-17 10:14:00.544",NA,NA,77.5,20000
"2014-03-17 10:14:00.589",NA,NA,77.5,20400
"2014-03-17 10:14:00.602",NA,NA,77.5,20800
"2014-03-17 10:14:01.812",NA,NA,77.5,20400
"2014-03-17 10:14:02.942",NA,NA,77.5,20000
"2014-03-17 10:14:05.133",NA,NA,77.5,18800
"2014-03-17 10:14:05.698",NA,NA,77.5,17200
"2014-03-17 10:14:05.703",77.45,78800,NA,NA
"2014-03-17 10:14:05.747",NA,NA,77.5,16800
"2014-03-17 10:14:06.216",77.45,76800,NA,NA
"2014-03-17 10:14:06.217",77.45,74800,NA,NA
"2014-03-17 10:14:06.219",77.45,72800,NA,NA
"2014-03-17 10:14:06.241",NA,NA,77.5,8400
"2014-03-17 10:14:06.958",NA,NA,77.5,15600
"2014-03-17 10:14:06.968",77.45,72000,NA,NA
"2014-03-17 10:14:09.995",77.45,73200,NA,NA
"2014-03-17 10:14:14.450",77.45,81600,NA,NA
"2014-03-17 10:14:15.286",77.45,73200,NA,NA
"2014-03-17 10:14:15.859",NA,NA,77.5,16000
"2014-03-17 10:14:16.259",NA,NA,77.5,16800
"2014-03-17 10:14:17.022",NA,NA,77.5,20000
"2014-03-17 10:14:17.266",77.45,81600,NA,NA
"2014-03-17 10:14:17.274",NA,NA,77.5,20400
"2014-03-17 10:14:17.475",77.45,91600,NA,NA
"2014-03-17 10:14:17.484",NA,NA,77.5,17200
"2014-03-17 10:14:17.749",NA,NA,77.5,16000
"2014-03-17 10:14:18.183",77.45,91200,NA,NA
"2014-03-17 10:14:18.682",77.45,82800,NA,NA
"2014-03-17 10:14:18.683",77.45,72800,NA,NA
"2014-03-17 10:14:18.696",NA,NA,77.5,19200
"2014-03-17 10:14:21.293",NA,NA,77.5,20800
"2014-03-17 10:14:21.536",77.45,75200,NA,NA
"2014-03-17 10:14:23.294",77.45,76000,NA,NA
"2014-03-17 10:14:26.653",NA,NA,77.5,18800
"2014-03-17 10:14:27.077",77.45,77600,NA,NA
"2014-03-17 10:14:27.086",NA,NA,77.5,15600
"2014-03-17 10:14:28.195",NA,NA,77.5,16000
"2014-03-17 10:14:30.338",NA,NA,77.5,15600
"2014-03-17 10:14:36.250",77.45,75200,NA,NA
"2014-03-17 10:14:36.262",NA,NA,77.5,18800
"2014-03-17 10:14:36.269",NA,NA,77.5,14000
"2014-03-17 10:14:36.278",NA,NA,77.5,10800
"2014-03-17 10:14:36.301",77.45,75600,NA,NA
"2014-03-17 10:14:36.331",NA,NA,77.5,10400
"2014-03-17 10:14:36.473",NA,NA,77.5,13200
"2014-03-17 10:14:38.457",77.45,76800,NA,NA
"2014-03-17 10:14:40.569",NA,NA,77.5,10800
"2014-03-17 10:14:42.543",NA,NA,77.5,9200
"2014-03-17 10:14:45.001",NA,NA,77.5,7600
"2014-03-17 10:14:45.544",NA,NA,77.5,8400
"2014-03-17 10:14:47.890",77.45,75600,NA,NA
"2014-03-17 10:14:49.360",77.45,76400,NA,NA
"2014-03-17 10:14:49.455",NA,NA,77.55,77200
"2014-03-17 10:14:49.473",NA,NA,77.55,80400
"2014-03-17 10:14:49.656",77.45,77200,NA,NA
"2014-03-17 10:14:49.915",77.45,78000,NA,NA
"2014-03-17 10:14:50.712",NA,NA,77.5,2000
"2014-03-17 10:14:51.185",NA,NA,77.5,5200
"2014-03-17 10:14:51.464",NA,NA,77.5,8400
"2014-03-17 10:14:52.837",NA,NA,77.5,5600
"2014-03-17 10:14:54.460",NA,NA,77.5,6000
"2014-03-17 10:14:54.894",NA,NA,77.5,3600
"2014-03-17 10:14:58.665",NA,NA,77.5,3200
"2014-03-17 10:14:59.472",NA,NA,77.5,4400
"2014-03-17 10:15:04.172",NA,NA,77.5,6400
"2014-03-17 10:15:06.284",NA,NA,77.5,4400
"2014-03-17 10:15:06.306",NA,NA,77.5,7200
"2014-03-17 10:15:07.798",77.45,78400,NA,NA
"2014-03-17 10:15:12.317",77.45,79200,NA,NA
"2014-03-17 10:15:12.622",NA,NA,77.5,4400
"2014-03-17 10:15:13.058",NA,NA,77.5,4000
"2014-03-17 10:15:14.143",NA,NA,77.5,3600
"2014-03-17 10:15:15.313",NA,NA,77.5,1600
"2014-03-17 10:15:15.326",NA,NA,77.55,127200
"2014-03-17 10:15:15.326",NA,NA,77.55,128800
"2014-03-17 10:15:16.668",NA,NA,77.55,127200
"2014-03-17 10:15:16.690",NA,NA,77.55,128400
"2014-03-17 10:15:19.317",77.45,76800,NA,NA
"2014-03-17 10:15:22.094",77.45,77200,NA,NA
"2014-03-17 10:15:22.680",NA,NA,77.5,1200
"2014-03-17 10:15:22.693",NA,NA,77.5,2400
"2014-03-17 10:15:22.921",77.45,77600,NA,NA
"2014-03-17 10:15:23.308",NA,NA,77.5,400
"2014-03-17 10:15:23.330",NA,NA,77.55,127200
"2014-03-17 10:15:23.330",NA,NA,77.55,127600
"2014-03-17 10:15:23.351",77.45,77200,NA,NA
"2014-03-17 10:15:27.182",77.5,1200,NA,NA
"2014-03-17 10:15:27.184",NA,NA,77.55,128800
"2014-03-17 10:15:27.193",77.45,77200,NA,NA
"2014-03-17 10:15:27.196",NA,NA,77.5,1200
"2014-03-17 10:15:27.210",NA,NA,77.5,1600
"2014-03-17 10:15:27.707",NA,NA,77.5,400
"2014-03-17 10:15:29.238",NA,NA,77.55,128400
"2014-03-17 10:15:29.238",NA,NA,77.55,128800
"2014-03-17 10:15:33.483",NA,NA,77.5,1200
"2014-03-17 10:15:33.496",NA,NA,77.5,1600
"2014-03-17 10:15:33.668",77.45,79200,NA,NA
"2014-03-17 10:15:33.874",NA,NA,77.5,400
"2014-03-17 10:15:35.526",NA,NA,77.55,128400
"2014-03-17 10:15:35.526",NA,NA,77.55,128800
"2014-03-17 10:15:37.824",77.45,77200,NA,NA
"2014-03-17 10:15:37.824",77.5,2000,NA,NA
"2014-03-17 10:15:37.826",77.45,77200,NA,NA
"2014-03-17 10:15:37.828",NA,NA,77.5,400
"2014-03-17 10:15:37.837",NA,NA,77.5,2400
"2014-03-17 10:15:37.840",NA,NA,77.5,4400
"2014-03-17 10:15:37.842",NA,NA,77.5,4800
"2014-03-17 10:15:37.953",NA,NA,77.5,4400
"2014-03-17 10:15:38.421",NA,NA,77.5,2400
"2014-03-17 10:15:38.479",77.45,77600,NA,NA
"2014-03-17 10:15:38.839",NA,NA,77.5,400
"2014-03-17 10:15:39.866",NA,NA,77.55,128400
"2014-03-17 10:15:39.866",NA,NA,77.55,128800
"2014-03-17 10:15:40.119",NA,NA,77.55,131600
"2014-03-17 10:15:43.887",NA,NA,77.5,1200
"2014-03-17 10:15:44.067",NA,NA,77.5,4000
"2014-03-17 10:15:44.127",NA,NA,77.5,81600
"2014-03-17 10:15:44.136",NA,NA,77.5,83200
"2014-03-17 10:15:44.140",77.45,45600,NA,NA
"2014-03-17 10:15:44.152",77.45,42000,NA,NA
"2014-03-17 10:15:44.158",77.45,41600,NA,NA
"2014-03-17 10:15:44.177",77.45,16000,NA,NA
"2014-03-17 10:15:44.179",NA,NA,77.5,84400
"2014-03-17 10:15:44.182",77.45,15200,NA,NA
"2014-03-17 10:15:44.186",77.45,13200,NA,NA
"2014-03-17 10:15:44.333",77.45,12800,NA,NA
"2014-03-17 10:15:44.541",77.45,13200,NA,NA
"2014-03-17 10:15:44.887",NA,NA,77.5,84800
"2014-03-17 10:15:45.791",NA,NA,77.5,100800
"2014-03-17 10:15:46.029",77.4,130000,NA,NA
"2014-03-17 10:15:46.030",NA,NA,77.5,99600
"2014-03-17 10:15:46.032",NA,NA,77.45,1200
"2014-03-17 10:15:46.488",77.4,130400,NA,NA
"2014-03-17 10:15:46.688",NA,NA,77.45,1600
"2014-03-17 10:15:48.363",NA,NA,77.45,2000
"2014-03-17 10:15:48.592",NA,NA,77.45,4800
"2014-03-17 10:15:49.115",77.4,146400,NA,NA
"2014-03-17 10:15:54.562",NA,NA,77.45,16000
"2014-03-17 10:15:54.709",NA,NA,77.45,13600
"2014-03-17 10:15:56.430",NA,NA,77.45,12400
"2014-03-17 10:15:57.221",NA,NA,77.45,11600
"2014-03-17 10:15:59.063",NA,NA,77.45,11200
"2014-03-17 10:16:02.745",NA,NA,77.45,10800
"2014-03-17 10:16:04.893",NA,NA,77.45,12000
"2014-03-17 10:16:05.592",NA,NA,77.45,12400
"2014-03-17 10:16:09.466",NA,NA,77.45,12800
"2014-03-17 10:16:11.556",77.4,156000,NA,NA
"2014-03-17 10:16:12.573",NA,NA,77.45,12400
"2014-03-17 10:16:18.367",77.4,146400,NA,NA
"2014-03-17 10:16:19.813",NA,NA,77.45,12000
"2014-03-17 10:16:20.553",NA,NA,77.45,11200
"2014-03-17 10:16:22.581",NA,NA,77.45,10000
"2014-03-17 10:16:23.529",NA,NA,77.45,2800
"2014-03-17 10:16:34.865",77.4,146800,NA,NA
"2014-03-17 10:16:36.375",77.4,144800,NA,NA
"2014-03-17 10:16:36.390",NA,NA,77.45,800
"2014-03-17 10:16:36.752",77.4,147200,NA,NA
"2014-03-17 10:16:37.792",NA,NA,77.45,1200
"2014-03-17 10:16:43.764",NA,NA,77.45,1600
"2014-03-17 10:16:46.506",NA,NA,77.45,2800
"2014-03-17 10:16:50.126",NA,NA,77.45,5600
"2014-03-17 10:16:53.464",77.4,148000,NA,NA
"2014-03-17 10:16:58.277",77.45,44400,77.5,6800
"2014-03-17 10:16:58.279",77.45,60400,NA,NA
"2014-03-17 10:16:58.280",NA,NA,77.5,5600
"2014-03-17 10:16:58.283",77.45,56800,NA,NA
"2014-03-17 10:16:58.287",77.45,56400,NA,NA
"2014-03-17 10:16:59.729",NA,NA,77.5,6000
"2014-03-17 10:16:59.944",NA,NA,77.5,7200
"2014-03-17 10:17:00.646",77.45,57200,NA,NA
"2014-03-17 10:17:04.600",NA,NA,77.5,154000
"2014-03-17 10:17:04.608",NA,NA,77.5,156000
"2014-03-17 10:17:04.612",77.45,25200,NA,NA
"2014-03-17 10:17:04.614",77.4,133600,NA,NA
"2014-03-17 10:17:04.616",NA,NA,77.5,172000
"2014-03-17 10:17:04.617",NA,NA,77.45,3200
"2014-03-17 10:17:04.630",NA,NA,77.45,4800
"2014-03-17 10:17:04.772",NA,NA,77.45,1600
"2014-03-17 10:17:04.784",NA,NA,77.5,171600
"2014-03-17 10:17:04.784",NA,NA,77.5,173200
"2014-03-17 10:17:04.821",NA,NA,77.45,1600
"2014-03-17 10:17:04.833",NA,NA,77.45,3200
"2014-03-17 10:17:04.869",NA,NA,77.45,3600
"2014-03-17 10:17:05.087",NA,NA,77.45,4800
"2014-03-17 10:17:06.409",77.4,131200,NA,NA
"2014-03-17 10:17:06.424",NA,NA,77.45,400
"2014-03-17 10:17:06.486",NA,NA,77.45,2000
"2014-03-17 10:17:06.688",77.4,127200,NA,NA
"2014-03-17 10:17:06.786",NA,NA,77.5,170000
"2014-03-17 10:17:06.806",NA,NA,77.5,171600
"2014-03-17 10:17:06.882",77.45,2000,NA,NA
"2014-03-17 10:17:06.884",77.4,127200,NA,NA
"2014-03-17 10:17:06.886",NA,NA,77.45,2000
"2014-03-17 10:17:06.981",NA,NA,77.5,171600
"2014-03-17 10:17:07.660",NA,NA,77.45,7600
"2014-03-17 10:17:07.673",NA,NA,77.45,9200
"2014-03-17 10:17:07.968",NA,NA,77.45,10000
"2014-03-17 10:17:08.289",77.4,129600,NA,NA
"2014-03-17 10:17:08.416",77.4,143600,NA,NA
"2014-03-17 10:17:08.425",NA,NA,77.45,8400
"2014-03-17 10:17:08.499",NA,NA,77.45,7200
"2014-03-17 10:17:10.038",NA,NA,77.45,154000
"2014-03-17 10:17:10.039",77.4,129600,NA,NA
"2014-03-17 10:17:10.042",77.4,122800,NA,NA
"2014-03-17 10:17:10.048",77.4,122000,NA,NA
"2014-03-17 10:17:10.051",NA,NA,77.45,155600
"2014-03-17 10:17:10.365",NA,NA,77.45,153600
"2014-03-17 10:17:10.797",77.4,124400,NA,NA
"2014-03-17 10:17:15.518",NA,NA,77.45,153200
"2014-03-17 10:17:15.691",NA,NA,77.45,169200
"2014-03-17 10:17:18.412",NA,NA,77.45,168000
"2014-03-17 10:17:18.417",77.4,124000,NA,NA
"2014-03-17 10:17:20.198",77.4,138000,NA,NA
"2014-03-17 10:17:20.485",NA,NA,77.45,152000
"2014-03-17 10:17:24.375",77.4,140800,NA,NA
"2014-03-17 10:17:24.469",NA,NA,77.45,152400
"2014-03-17 10:17:25.508",NA,NA,77.45,151600
"2014-03-17 10:17:26.646",NA,NA,77.45,150800
"2014-03-17 10:17:28.468",NA,NA,77.45,149200
"2014-03-17 10:17:28.473",77.4,140400,NA,NA
"2014-03-17 10:17:28.690",NA,NA,77.45,165200
"2014-03-17 10:17:29.787",NA,NA,77.45,166400
"2014-03-17 10:17:32.865",NA,NA,77.45,165200
"2014-03-17 10:17:33.974",NA,NA,77.45,164800
"2014-03-17 10:17:40.815",77.4,126400,NA,NA
"2014-03-17 10:17:43.664",NA,NA,77.45,164400
"2014-03-17 10:17:45.666",77.4,140400,NA,NA
"2014-03-17 10:17:46.120",NA,NA,77.45,148400
"2014-03-17 10:17:50.669",NA,NA,77.45,151200
"2014-03-17 10:17:56.490",NA,NA,77.45,150000
"2014-03-17 10:17:56.495",77.4,140000,NA,NA
"2014-03-17 10:17:59.524",NA,NA,77.45,149600
"2014-03-17 10:18:00.533",NA,NA,77.45,148400
"2014-03-17 10:18:03.032",NA,NA,77.45,148000
"2014-03-17 10:18:04.697",NA,NA,77.45,147200
"2014-03-17 10:18:06.477",77.4,142400,NA,NA
"2014-03-17 10:18:12.944",NA,NA,77.45,163200
"2014-03-17 10:18:13.044",77.4,128400,NA,NA
"2014-03-17 10:18:14.618",77.4,130000,NA,NA
"2014-03-17 10:18:15.843",NA,NA,77.45,162800
"2014-03-17 10:18:16.626",NA,NA,77.45,162400
"2014-03-17 10:18:16.631",77.4,129600,NA,NA
"2014-03-17 10:18:17.515",NA,NA,77.45,160800
"2014-03-17 10:18:17.533",NA,NA,77.45,161600
"2014-03-17 10:18:18.298",NA,NA,77.45,161200
"2014-03-17 10:18:19.644",NA,NA,77.45,160400
"2014-03-17 10:18:22.649",77.4,143600,NA,NA
"2014-03-17 10:18:23.652",77.4,129600,NA,NA
"2014-03-17 10:18:24.471",NA,NA,77.45,160800
"2014-03-17 10:18:24.974",77.4,134000,NA,NA
"2014-03-17 10:18:26.848",77.4,135200,NA,NA
"2014-03-17 10:18:28.700",77.4,135600,NA,NA
"2014-03-17 10:18:33.187",77.4,139600,NA,NA
"2014-03-17 10:18:33.442",NA,NA,77.45,161200
"2014-03-17 10:18:34.166",77.4,153600,NA,NA
"2014-03-17 10:18:37.181",NA,NA,77.45,160000
"2014-03-17 10:18:40.471",77.4,139600,NA,NA
"2014-03-17 10:18:44.759",NA,NA,77.45,160800
"2014-03-17 10:18:44.861",77.4,141200,NA,NA
"2014-03-17 10:18:45.169",77.4,139200,NA,NA
"2014-03-17 10:18:45.553",NA,NA,77.45,161200
"2014-03-17 10:18:53.270",77.4,140000,NA,NA
"2014-03-17 10:18:56.457",NA,NA,77.45,160400
"2014-03-17 10:18:58.392",77.4,154000,NA,NA
"2014-03-17 10:18:59.716",NA,NA,77.45,159600
"2014-03-17 10:18:59.720",77.4,153600,NA,NA
"2014-03-17 10:19:00.209",NA,NA,77.45,160000
"2014-03-17 10:19:00.611",NA,NA,77.45,144000
"2014-03-17 10:19:05.356",77.4,154800,NA,NA
"2014-03-17 10:19:05.440",NA,NA,77.45,142000
"2014-03-17 10:19:05.484",NA,NA,77.45,145200
"2014-03-17 10:19:10.103",NA,NA,77.45,161200
"2014-03-17 10:19:11.209",77.4,140800,NA,NA
"2014-03-17 10:19:12.292",NA,NA,77.45,162800
"2014-03-17 10:19:16.468",NA,NA,77.45,162000
"2014-03-17 10:19:17.018",77.4,154800,NA,NA
"2014-03-17 10:19:22.275",NA,NA,77.45,161200
"2014-03-17 10:19:22.279",77.4,154400,NA,NA
"2014-03-17 10:19:29.326",77.4,140400,NA,NA
"2014-03-17 10:19:30.375",77.4,141600,NA,NA
"2014-03-17 10:19:30.592",NA,NA,77.45,160800
"2014-03-17 10:19:30.671",NA,NA,77.45,161200
"2014-03-17 10:19:33.109",NA,NA,77.45,160800
"2014-03-17 10:19:35.527",77.4,142400,NA,NA
"2014-03-17 10:19:37.696",77.4,143200,NA,NA
"2014-03-17 10:19:41.016",NA,NA,77.45,28400
"2014-03-17 10:19:41.026",NA,NA,77.45,27600
"2014-03-17 10:19:41.547",NA,NA,77.45,138000
"2014-03-17 10:19:41.558",NA,NA,77.45,138800
"2014-03-17 10:19:41.907",NA,NA,77.45,28400
"2014-03-17 10:19:41.915",NA,NA,77.45,27600
"2014-03-17 10:19:42.490",NA,NA,77.45,138000
"2014-03-17 10:19:42.504",NA,NA,77.45,138800
"2014-03-17 10:19:43.905",NA,NA,77.45,139200
"2014-03-17 10:19:46.960",NA,NA,77.45,142400
"2014-03-17 10:19:52.536",77.4,144400,NA,NA
"2014-03-17 10:19:52.883",77.4,158400,NA,NA
"2014-03-17 10:19:52.893",NA,NA,77.45,141600
"2014-03-17 10:19:53.802",77.4,160000,NA,NA
"2014-03-17 10:19:54.528",NA,NA,77.45,142000
"2014-03-17 10:19:56.727",NA,NA,77.45,141600
"2014-03-17 10:19:57.564",NA,NA,77.45,125600
"2014-03-17 10:19:57.576",NA,NA,77.45,126400
"2014-03-17 10:20:02.457",NA,NA,77.45,142400
"2014-03-17 10:20:02.458",77.4,146000,NA,NA
"2014-03-17 10:20:02.466",NA,NA,77.45,141600
"2014-03-17 10:20:02.471",NA,NA,77.45,142400
"2014-03-17 10:20:06.061",77.4,145200,NA,NA
"2014-03-17 10:20:06.064",77.4,159200,NA,NA
"2014-03-17 10:20:06.077",NA,NA,77.45,141600
"2014-03-17 10:20:06.968",77.4,145200,NA,NA
"2014-03-17 10:20:06.980",NA,NA,77.45,142400
"2014-03-17 10:20:09.478",NA,NA,77.45,142000
"2014-03-17 10:20:09.519",NA,NA,77.45,141600
"2014-03-17 10:20:09.573",NA,NA,77.45,141200
"2014-03-17 10:20:09.667",77.4,159200,NA,NA
"2014-03-17 10:20:09.676",NA,NA,77.45,140400
"2014-03-17 10:20:18.015",NA,NA,77.45,138800
"2014-03-17 10:20:18.030",77.4,158800,NA,NA
"2014-03-17 10:20:19.173",NA,NA,77.45,140800
"2014-03-17 10:20:19.994",NA,NA,77.45,124800
"2014-03-17 10:20:20.007",NA,NA,77.45,125600
"2014-03-17 10:20:25.198",NA,NA,77.45,124800
"2014-03-17 10:20:26.510",77.4,159200,NA,NA
"2014-03-17 10:20:27.581",NA,NA,77.45,124000
"2014-03-17 10:20:27.593",NA,NA,77.45,124800
"2014-03-17 10:20:29.489",77.4,162000,NA,NA
"2014-03-17 10:20:29.499",NA,NA,77.45,124000
"2014-03-17 10:20:36.629",77.4,164000,NA,NA
"2014-03-17 10:20:39.484",NA,NA,77.45,124400
"2014-03-17 10:20:39.514",NA,NA,77.45,76000
"2014-03-17 10:20:41.944",77.4,164400,NA,NA
"2014-03-17 10:20:45.568",NA,NA,77.45,76400
"2014-03-17 10:20:45.767",NA,NA,77.45,74400
"2014-03-17 10:20:46.240",NA,NA,77.45,73600
"2014-03-17 10:20:46.244",77.4,164000,NA,NA
"2014-03-17 10:20:47.256",NA,NA,77.45,74000
"2014-03-17 10:20:51.708",NA,NA,77.45,73600
"2014-03-17 10:20:53.316",NA,NA,77.45,76800
"2014-03-17 10:20:55.785",NA,NA,77.45,77200
"2014-03-17 10:20:59.696",77.4,164800,NA,NA
"2014-03-17 10:21:02.681",NA,NA,77.45,76800
"2014-03-17 10:21:04.299",77.4,164400,NA,NA
"2014-03-17 10:21:05.156",NA,NA,77.45,75200
"2014-03-17 10:21:15.147",NA,NA,77.45,83200
"2014-03-17 10:21:19.724",NA,NA,77.45,82400
"2014-03-17 10:21:23.681",77.4,164800,NA,NA
"2014-03-17 10:21:35.090",77.4,165200,NA,NA
"2014-03-17 10:21:37.775",77.4,164800,NA,NA
"2014-03-17 10:21:38.979",NA,NA,77.45,20400
"2014-03-17 10:21:43.459",NA,NA,77.45,20000
"2014-03-17 10:21:43.478",NA,NA,77.45,36000
"2014-03-17 10:21:44.571",77.4,150800,NA,NA
"2014-03-17 10:21:44.727",NA,NA,77.45,36400
"2014-03-17 10:21:45.560",77.4,151200,NA,NA
"2014-03-17 10:21:45.575",NA,NA,77.45,36000
"2014-03-17 10:21:45.577",NA,NA,77.45,35600
"2014-03-17 10:21:45.652",NA,NA,77.45,36000
"2014-03-17 10:21:45.681",NA,NA,77.45,36400
"2014-03-17 10:21:46.377",77.4,152400,NA,NA
"2014-03-17 10:21:46.451",NA,NA,77.45,36000
"2014-03-17 10:21:47.388",77.4,166400,NA,NA
"2014-03-17 10:21:53.299",NA,NA,77.45,34400
"2014-03-17 10:21:53.346",77.4,152400,NA,NA
"2014-03-17 10:21:57.547",77.4,150800,NA,NA
"2014-03-17 10:21:57.563",77.4,150400,NA,NA
"2014-03-17 10:21:57.882",77.4,150800,NA,NA
"2014-03-17 10:22:06.728",77.4,148400,NA,NA
"2014-03-17 10:22:06.729",77.4,146400,NA,NA
"2014-03-17 10:22:06.747",NA,NA,77.45,30400
"2014-03-17 10:22:06.750",NA,NA,77.45,28000
"2014-03-17 10:22:06.752",77.4,146000,NA,NA
"2014-03-17 10:22:06.775",NA,NA,77.45,28400
"2014-03-17 10:22:07.127",77.4,147600,NA,NA
"2014-03-17 10:22:07.790",NA,NA,77.45,30400
"2014-03-17 10:22:12.560",NA,NA,77.45,29200
"2014-03-17 10:22:12.565",77.4,147200,NA,NA
"2014-03-17 10:22:14.324",NA,NA,77.45,28800
"2014-03-17 10:22:15.554",77.4,146400,NA,NA
"2014-03-17 10:22:18.814",77.4,146800,NA,NA
"2014-03-17 10:22:22.312",77.4,147600,NA,NA
"2014-03-17 10:22:24.751",77.4,148000,NA,NA
"2014-03-17 10:22:28.036",NA,NA,77.45,50800
"2014-03-17 10:22:28.326",NA,NA,77.45,50000
"2014-03-17 10:22:31.575",NA,NA,77.45,49600
"2014-03-17 10:22:31.657",NA,NA,77.45,53600
"2014-03-17 10:22:33.581",NA,NA,77.45,52800
"2014-03-17 10:22:33.585",77.4,147600,NA,NA
"2014-03-17 10:22:35.213",NA,NA,77.45,62000
"2014-03-17 10:22:42.086",NA,NA,77.45,61200
"2014-03-17 10:22:44.351",NA,NA,77.45,61600
"2014-03-17 10:22:45.664",NA,NA,77.45,62000
"2014-03-17 10:22:47.367",NA,NA,77.45,61600
"2014-03-17 10:22:47.468",77.4,149600,NA,NA
"2014-03-17 10:22:47.481",77.4,163600,NA,NA
"2014-03-17 10:22:47.494",77.4,149600,NA,NA
"2014-03-17 10:22:58.997",77.4,150400,NA,NA
"2014-03-17 10:23:00.782",77.4,164400,NA,NA
"2014-03-17 10:23:02.331",77.4,165600,NA,NA
"2014-03-17 10:23:02.983",NA,NA,77.45,39600
"2014-03-17 10:23:03.009",NA,NA,77.45,23600
"2014-03-17 10:23:03.582",NA,NA,77.45,21600
"2014-03-17 10:23:05.774",NA,NA,77.45,23200
"2014-03-17 10:23:06.793",77.4,163200,NA,NA
"2014-03-17 10:23:06.809",NA,NA,77.45,20800
"2014-03-17 10:23:07.371",NA,NA,77.45,36800
"2014-03-17 10:23:07.376",77.4,162800,NA,NA
"2014-03-17 10:23:07.430",NA,NA,77.45,36400
"2014-03-17 10:23:07.586",NA,NA,77.45,36000
"2014-03-17 10:23:08.445",NA,NA,77.45,35200
"2014-03-17 10:23:08.450",77.4,162400,NA,NA
"2014-03-17 10:23:16.786",NA,NA,77.45,34800
"2014-03-17 10:23:16.869",NA,NA,77.45,32000
"2014-03-17 10:23:18.346",NA,NA,77.45,30800
"2014-03-17 10:23:19.862",NA,NA,77.45,32800
"2014-03-17 10:23:20.990",NA,NA,77.45,32400
"2014-03-17 10:23:21.098",77.4,163600,NA,NA
"2014-03-17 10:23:21.519",NA,NA,77.45,49600
"2014-03-17 10:23:22.030",NA,NA,77.45,50000
"2014-03-17 10:23:23.685",NA,NA,77.45,34000
"2014-03-17 10:23:26.663",NA,NA,77.45,52000
"2014-03-17 10:23:31.595",NA,NA,77.45,51200
"2014-03-17 10:23:31.606",NA,NA,77.45,52000
"2014-03-17 10:23:31.621",NA,NA,77.45,51200
"2014-03-17 10:23:32.983",NA,NA,77.45,50000
"2014-03-17 10:23:33.909",NA,NA,77.45,47200
"2014-03-17 10:23:33.910",77.4,162400,NA,NA
"2014-03-17 10:23:33.911",NA,NA,77.45,42800
"2014-03-17 10:23:33.994",NA,NA,77.45,46400
"2014-03-17 10:23:37.169",NA,NA,77.45,46000
"2014-03-17 10:23:39.256",77.4,166400,NA,NA
"2014-03-17 10:23:39.495",NA,NA,77.45,46400
"2014-03-17 10:23:41.216",NA,NA,77.45,62400
"2014-03-17 10:23:41.265",77.4,167600,NA,NA
"2014-03-17 10:23:41.592",NA,NA,77.45,67600
"2014-03-17 10:23:43.116",NA,NA,77.45,51600
"2014-03-17 10:23:44.898",77.4,169600,NA,NA
"2014-03-17 10:23:44.899",77.4,177200,NA,NA
"2014-03-17 10:23:46.188",77.4,176800,NA,NA
"2014-03-17 10:23:46.343",77.4,174800,NA,NA
"2014-03-17 10:23:46.344",77.4,180000,NA,NA
"2014-03-17 10:23:46.448",77.4,172400,NA,NA
"2014-03-17 10:23:46.689",77.4,171200,NA,NA
"2014-03-17 10:23:46.694",77.4,170800,NA,NA
"2014-03-17 10:23:52.852",77.4,170400,NA,NA
"2014-03-17 10:23:52.959",NA,NA,77.45,50000
"2014-03-17 10:23:53.607",NA,NA,77.45,49200
"2014-03-17 10:23:53.609",77.4,169200,NA,NA
"2014-03-17 10:24:13.193",77.4,164000,NA,NA
"2014-03-17 10:24:13.949",NA,NA,77.45,65200
"2014-03-17 10:24:14.022",NA,NA,77.45,72000
"2014-03-17 10:24:14.034",NA,NA,77.45,72800
"2014-03-17 10:24:14.555",77.4,150000,NA,NA
"2014-03-17 10:24:17.549",77.4,164000,NA,NA
