"Time","BidPrice","BidSize","AskPrice","AskSize"
"2014-03-18 09:20:00.075",77.4,2400,77.45,40000
"2014-03-18 09:30:00.037",77.35,33600,NA,NA
"2014-03-18 09:30:00.037",NA,NA,77.45,41600
"2014-03-18 09:30:00.062",NA,NA,77.45,39600
"2014-03-18 09:30:00.062",NA,NA,77.45,42000
"2014-03-18 09:30:00.111",NA,NA,77.45,52000
"2014-03-18 09:30:00.120",NA,NA,77.45,58800
"2014-03-18 09:30:00.152",NA,NA,77.45,65600
"2014-03-18 09:30:00.170",NA,NA,77.4,4400
"2014-03-18 09:30:00.232",NA,NA,77.4,11200
"2014-03-18 09:30:00.240",77.3,18400,NA,NA
"2014-03-18 09:30:00.241",NA,NA,77.35,33600
"2014-03-18 09:30:00.241",NA,NA,77.35,67200
"2014-03-18 09:30:00.242",NA,NA,77.35,100800
"2014-03-18 09:30:00.385",NA,NA,77.35,1e+05
"2014-03-18 09:30:00.685",77.3,18000,NA,NA
"2014-03-18 09:30:00.845",77.3,2000,NA,NA
"2014-03-18 09:30:01.041",77.25,102000,77.3,20000
"2014-03-18 09:30:01.049",77.25,80000,NA,NA
"2014-03-18 09:30:01.072",NA,NA,77.35,1e+05
"2014-03-18 09:30:01.153",NA,NA,77.35,104400
"2014-03-18 09:30:01.165",NA,NA,77.35,1e+05
"2014-03-18 09:30:01.166",NA,NA,77.35,109200
"2014-03-18 09:30:01.172",NA,NA,77.3,4400
"2014-03-18 09:30:01.245",NA,NA,77.3,4000
"2014-03-18 09:30:01.275",NA,NA,77.3,11200
"2014-03-18 09:30:01.278",NA,NA,77.3,20800
"2014-03-18 09:30:01.359",NA,NA,77.3,20400
"2014-03-18 09:30:01.503",NA,NA,77.35,70400
"2014-03-18 09:30:01.680",77.3,400,NA,NA
"2014-03-18 09:30:01.697",NA,NA,77.35,69200
"2014-03-18 09:30:01.792",NA,NA,77.35,68800
"2014-03-18 09:30:01.851",NA,NA,77.35,68400
"2014-03-18 09:30:01.954",NA,NA,77.35,73200
"2014-03-18 09:30:02.058",77.25,80000,77.3,21600
"2014-03-18 09:30:02.069",77.25,58000,NA,NA
"2014-03-18 09:30:02.080",NA,NA,77.35,73200
"2014-03-18 09:30:02.109",NA,NA,77.35,74000
"2014-03-18 09:30:02.122",77.2,14000,NA,NA
"2014-03-18 09:30:02.123",NA,NA,77.25,55600
"2014-03-18 09:30:02.123",NA,NA,77.25,66000
"2014-03-18 09:30:02.126",NA,NA,77.25,64000
"2014-03-18 09:30:02.145",NA,NA,77.25,57200
"2014-03-18 09:30:02.304",77.2,16000,NA,NA
"2014-03-18 09:30:02.389",NA,NA,77.25,53200
"2014-03-18 09:30:02.401",NA,NA,77.25,49200
"2014-03-18 09:30:02.416",NA,NA,77.25,45200
"2014-03-18 09:30:03.038",NA,NA,77.25,35200
"2014-03-18 09:30:03.073",77.15,101600,77.2,6000
"2014-03-18 09:30:03.080",77.15,79600,NA,NA
"2014-03-18 09:30:03.083",NA,NA,77.25,57200
"2014-03-18 09:30:03.084",NA,NA,77.2,22000
"2014-03-18 09:30:03.251",NA,NA,77.2,21600
"2014-03-18 09:30:03.298",NA,NA,77.2,21200
"2014-03-18 09:30:03.377",NA,NA,77.2,20000
"2014-03-18 09:30:03.476",NA,NA,77.2,19600
"2014-03-18 09:30:03.581",NA,NA,77.25,37600
"2014-03-18 09:30:04.023",77.15,59600,NA,NA
"2014-03-18 09:30:04.026",NA,NA,77.25,39600
"2014-03-18 09:30:04.085",NA,NA,77.25,41600
"2014-03-18 09:30:04.120",NA,NA,77.25,44000
"2014-03-18 09:30:04.141",NA,NA,77.25,45200
"2014-03-18 09:30:04.168",NA,NA,77.25,44800
"2014-03-18 09:30:04.192",NA,NA,77.25,10400
"2014-03-18 09:30:04.197",77.25,800,77.3,4400
"2014-03-18 09:30:04.201",77.15,59600,NA,NA
"2014-03-18 09:30:04.210",NA,NA,77.25,800
"2014-03-18 09:30:04.232",NA,NA,77.3,4400
"2014-03-18 09:30:04.317",NA,NA,77.3,3200
"2014-03-18 09:30:04.329",77.2,1200,NA,NA
"2014-03-18 09:30:04.389",NA,NA,77.3,1200
"2014-03-18 09:30:04.431",77.3,2800,77.35,78800
"2014-03-18 09:30:04.433",77.2,1200,NA,NA
"2014-03-18 09:30:04.509",NA,NA,77.35,79200
"2014-03-18 09:30:04.846",77.2,2000,NA,NA
"2014-03-18 09:30:05.134",77.15,59600,NA,NA
"2014-03-18 09:30:05.341",NA,NA,77.35,78800
"2014-03-18 09:30:05.408",NA,NA,77.35,76800
"2014-03-18 09:30:05.620",77.2,20000,NA,NA
"2014-03-18 09:30:05.679",NA,NA,77.35,77600
"2014-03-18 09:30:05.936",NA,NA,77.35,75600
"2014-03-18 09:30:05.938",NA,NA,77.35,74800
"2014-03-18 09:30:06.546",NA,NA,77.25,22000
"2014-03-18 09:30:06.561",77.15,59600,NA,NA
"2014-03-18 09:30:06.624",NA,NA,77.25,21200
"2014-03-18 09:30:06.729",NA,NA,77.25,23600
"2014-03-18 09:30:06.752",NA,NA,77.25,28400
"2014-03-18 09:30:06.756",NA,NA,77.2,20000
"2014-03-18 09:30:06.758",NA,NA,77.25,7200
"2014-03-18 09:30:06.759",77.15,37600,NA,NA
"2014-03-18 09:30:06.759",NA,NA,77.25,29200
"2014-03-18 09:30:06.857",77.15,32000,NA,NA
"2014-03-18 09:30:07.023",77.15,27600,NA,NA
"2014-03-18 09:30:07.185",NA,NA,77.25,25200
"2014-03-18 09:30:07.186",NA,NA,77.25,3200
"2014-03-18 09:30:07.286",NA,NA,77.25,2400
"2014-03-18 09:30:07.402",NA,NA,77.25,4400
"2014-03-18 09:30:07.651",NA,NA,77.25,4000
"2014-03-18 09:30:08.062",77.2,2400,NA,NA
"2014-03-18 09:30:08.066",77.15,27600,NA,NA
"2014-03-18 09:30:08.071",NA,NA,77.2,2400
"2014-03-18 09:30:08.096",NA,NA,77.25,4000
"2014-03-18 09:30:08.103",NA,NA,77.25,2000
"2014-03-18 09:30:08.110",NA,NA,77.2,2400
"2014-03-18 09:30:08.781",77.15,47600,NA,NA
"2014-03-18 09:30:08.885",NA,NA,77.2,1200
"2014-03-18 09:30:08.887",NA,NA,77.25,2000
"2014-03-18 09:30:08.888",77.2,1200,NA,NA
"2014-03-18 09:30:08.888",NA,NA,77.25,24000
"2014-03-18 09:30:08.890",77.15,47600,NA,NA
"2014-03-18 09:30:09.032",77.2,2400,NA,NA
"2014-03-18 09:30:09.122",NA,NA,77.25,20000
"2014-03-18 09:30:09.208",77.2,2000,NA,NA
"2014-03-18 09:30:09.243",NA,NA,77.25,19600
"2014-03-18 09:30:09.429",77.2,4000,NA,NA
"2014-03-18 09:30:09.612",NA,NA,77.25,19200
"2014-03-18 09:30:09.630",NA,NA,77.25,18400
"2014-03-18 09:30:09.697",77.2,5200,NA,NA
"2014-03-18 09:30:09.760",NA,NA,77.25,20800
"2014-03-18 09:30:09.880",NA,NA,77.25,24400
"2014-03-18 09:30:09.909",77.2,5600,NA,NA
"2014-03-18 09:30:09.993",NA,NA,77.25,23600
"2014-03-18 09:30:10.340",77.2,4800,NA,NA
"2014-03-18 09:30:10.497",77.2,4000,NA,NA
"2014-03-18 09:30:10.499",NA,NA,77.25,23200
"2014-03-18 09:30:10.899",NA,NA,77.25,21200
"2014-03-18 09:30:11.045",NA,NA,77.25,20800
"2014-03-18 09:30:11.329",NA,NA,77.25,18400
"2014-03-18 09:30:11.330",NA,NA,77.25,14800
"2014-03-18 09:30:11.330",NA,NA,77.25,2400
"2014-03-18 09:30:11.391",NA,NA,77.3,400
"2014-03-18 09:30:11.392",NA,NA,77.3,22400
"2014-03-18 09:30:11.414",NA,NA,77.3,24400
"2014-03-18 09:30:11.620",NA,NA,77.3,24000
"2014-03-18 09:30:12.982",NA,NA,77.3,26400
"2014-03-18 09:30:13.215",77.2,64000,NA,NA
"2014-03-18 09:30:13.339",NA,NA,77.45,1600
"2014-03-18 09:30:13.341",NA,NA,77.45,23600
"2014-03-18 09:30:13.370",NA,NA,77.45,22800
"2014-03-18 09:30:13.374",NA,NA,77.45,22400
"2014-03-18 09:30:13.385",77.2,59600,NA,NA
"2014-03-18 09:30:13.539",77.2,43600,NA,NA
"2014-03-18 09:30:13.913",NA,NA,77.45,21200
"2014-03-18 09:30:14.224",NA,NA,77.45,22000
"2014-03-18 09:30:14.520",NA,NA,77.45,20000
"2014-03-18 09:30:15.118",NA,NA,77.45,22000
"2014-03-18 09:30:15.230",77.4,2000,NA,NA
"2014-03-18 09:30:15.232",77.2,43600,NA,NA
"2014-03-18 09:30:15.232",NA,NA,77.4,2000
"2014-03-18 09:30:15.232",NA,NA,77.4,4000
"2014-03-18 09:30:15.232",NA,NA,77.4,6000
"2014-03-18 09:30:15.233",NA,NA,77.4,8000
"2014-03-18 09:30:15.235",NA,NA,77.4,6000
"2014-03-18 09:30:15.243",NA,NA,77.4,8000
"2014-03-18 09:30:15.324",NA,NA,77.4,10000
"2014-03-18 09:30:15.402",NA,NA,77.4,8800
"2014-03-18 09:30:15.550",NA,NA,77.4,48800
"2014-03-18 09:30:15.553",NA,NA,77.4,70800
"2014-03-18 09:30:15.701",NA,NA,77.4,73200
"2014-03-18 09:30:16.247",NA,NA,77.4,72000
"2014-03-18 09:30:16.332",NA,NA,77.4,70000
"2014-03-18 09:30:17.331",77.2,47600,NA,NA
"2014-03-18 09:30:17.831",NA,NA,77.4,48000
"2014-03-18 09:30:17.832",NA,NA,77.35,22000
"2014-03-18 09:30:17.919",NA,NA,77.35,26000
"2014-03-18 09:30:17.945",NA,NA,77.35,29600
"2014-03-18 09:30:18.083",77.2,49600,NA,NA
"2014-03-18 09:30:18.547",NA,NA,77.35,19600
"2014-03-18 09:30:18.549",NA,NA,77.35,29600
"2014-03-18 09:30:18.595",NA,NA,77.35,25600
"2014-03-18 09:30:18.700",NA,NA,77.35,17600
"2014-03-18 09:30:18.700",NA,NA,77.35,7600
"2014-03-18 09:30:18.832",77.3,400,NA,NA
"2014-03-18 09:30:18.836",77.2,49600,NA,NA
"2014-03-18 09:30:18.871",NA,NA,77.35,6400
"2014-03-18 09:30:19.227",NA,NA,77.35,6000
"2014-03-18 09:30:19.238",77.3,1200,NA,NA
"2014-03-18 09:30:19.353",NA,NA,77.4,42000
"2014-03-18 09:30:19.355",NA,NA,77.4,64000
"2014-03-18 09:30:19.414",NA,NA,77.35,1200
"2014-03-18 09:30:20.028",77.2,49600,NA,NA
"2014-03-18 09:30:20.398",NA,NA,77.4,121600
"2014-03-18 09:30:20.725",77.3,400,NA,NA
"2014-03-18 09:30:20.726",NA,NA,77.4,99600
"2014-03-18 09:30:20.728",NA,NA,77.35,22000
"2014-03-18 09:30:20.824",NA,NA,77.35,24400
"2014-03-18 09:30:20.871",NA,NA,77.35,26400
"2014-03-18 09:30:21.182",NA,NA,77.35,25200
"2014-03-18 09:30:21.198",77.2,49600,NA,NA
"2014-03-18 09:30:21.245",NA,NA,77.35,24800
"2014-03-18 09:30:21.449",NA,NA,77.3,4000
"2014-03-18 09:30:21.482",NA,NA,77.3,6000
"2014-03-18 09:30:21.530",NA,NA,77.3,8800
"2014-03-18 09:30:21.544",NA,NA,77.3,8000
"2014-03-18 09:30:22.113",NA,NA,77.3,7200
"2014-03-18 09:30:22.152",NA,NA,77.3,6000
"2014-03-18 09:30:22.729",NA,NA,77.3,5200
"2014-03-18 09:30:22.745",77.2,50400,NA,NA
"2014-03-18 09:30:22.983",NA,NA,77.35,21600
"2014-03-18 09:30:23.251",NA,NA,77.35,21200
"2014-03-18 09:30:23.476",77.3,400,NA,NA
"2014-03-18 09:30:23.478",77.2,50400,NA,NA
"2014-03-18 09:30:23.485",NA,NA,77.35,28000
"2014-03-18 09:30:23.487",NA,NA,77.35,27600
"2014-03-18 09:30:23.939",NA,NA,77.35,27200
"2014-03-18 09:30:24.031",NA,NA,77.35,28800
"2014-03-18 09:30:24.236",NA,NA,77.35,31200
"2014-03-18 09:30:24.297",NA,NA,77.35,33200
"2014-03-18 09:30:24.389",NA,NA,77.35,31200
"2014-03-18 09:30:24.428",NA,NA,77.3,400
"2014-03-18 09:30:24.504",NA,NA,77.3,2400
"2014-03-18 09:30:24.536",NA,NA,77.3,3600
"2014-03-18 09:30:24.540",NA,NA,77.3,6000
"2014-03-18 09:30:25.700",NA,NA,77.25,22000
"2014-03-18 09:30:25.702",NA,NA,77.3,28000
"2014-03-18 09:30:26.028",NA,NA,77.3,29600
"2014-03-18 09:30:26.258",NA,NA,77.3,28400
"2014-03-18 09:30:26.363",NA,NA,77.3,27200
"2014-03-18 09:30:26.399",NA,NA,77.3,40000
"2014-03-18 09:30:26.435",NA,NA,77.3,18000
"2014-03-18 09:30:26.436",NA,NA,77.25,22000
"2014-03-18 09:30:26.548",NA,NA,77.25,26000
"2014-03-18 09:30:26.711",NA,NA,77.25,25600
"2014-03-18 09:30:27.006",77.2,50800,NA,NA
"2014-03-18 09:30:27.713",NA,NA,77.25,27600
"2014-03-18 09:30:27.745",NA,NA,77.25,27200
"2014-03-18 09:30:27.848",NA,NA,77.25,28000
"2014-03-18 09:30:28.022",NA,NA,77.25,30000
"2014-03-18 09:30:28.389",NA,NA,77.25,28400
"2014-03-18 09:30:28.497",NA,NA,77.25,27600
"2014-03-18 09:30:28.499",NA,NA,77.25,30000
"2014-03-18 09:30:28.740",NA,NA,77.25,29600
"2014-03-18 09:30:28.786",NA,NA,77.25,29200
"2014-03-18 09:30:28.797",NA,NA,77.25,28800
"2014-03-18 09:30:28.811",NA,NA,77.25,28400
"2014-03-18 09:30:28.813",77.2,51600,NA,NA
"2014-03-18 09:30:28.911",77.2,52400,NA,NA
"2014-03-18 09:30:28.978",NA,NA,77.25,26800
"2014-03-18 09:30:29.161",NA,NA,77.25,29200
"2014-03-18 09:30:29.230",NA,NA,77.25,27600
"2014-03-18 09:30:29.613",NA,NA,77.25,27200
"2014-03-18 09:30:29.682",NA,NA,77.25,28400
"2014-03-18 09:30:29.846",NA,NA,77.25,28000
"2014-03-18 09:30:29.892",77.2,50400,NA,NA
"2014-03-18 09:30:29.917",NA,NA,77.25,27600
"2014-03-18 09:30:29.957",77.2,51200,NA,NA
"2014-03-18 09:30:29.958",NA,NA,77.25,25200
"2014-03-18 09:30:29.959",NA,NA,77.25,33600
"2014-03-18 09:30:30.621",NA,NA,77.25,32800
"2014-03-18 09:30:30.748",77.2,53200,NA,NA
"2014-03-18 09:30:30.761",NA,NA,77.25,32400
"2014-03-18 09:30:30.891",NA,NA,77.25,31600
"2014-03-18 09:30:30.905",NA,NA,77.25,31200
"2014-03-18 09:30:30.973",NA,NA,77.25,30800
"2014-03-18 09:30:30.989",NA,NA,77.25,30000
"2014-03-18 09:30:31.022",NA,NA,77.25,28800
"2014-03-18 09:30:31.037",NA,NA,77.25,28000
"2014-03-18 09:30:31.076",NA,NA,77.25,27200
"2014-03-18 09:30:31.085",NA,NA,77.25,26800
"2014-03-18 09:30:31.095",NA,NA,77.25,22800
"2014-03-18 09:30:31.108",NA,NA,77.25,24800
"2014-03-18 09:30:31.110",NA,NA,77.25,16400
"2014-03-18 09:30:31.111",NA,NA,77.25,35600
"2014-03-18 09:30:31.113",NA,NA,77.25,32000
"2014-03-18 09:30:31.543",NA,NA,77.25,26000
"2014-03-18 09:30:31.568",NA,NA,77.25,27600
"2014-03-18 09:30:31.607",NA,NA,77.25,26800
"2014-03-18 09:30:31.688",NA,NA,77.25,26000
"2014-03-18 09:30:31.783",NA,NA,77.25,25600
"2014-03-18 09:30:31.785",NA,NA,77.3,13600
"2014-03-18 09:30:31.896",NA,NA,77.3,13200
"2014-03-18 09:30:31.923",NA,NA,77.3,12800
"2014-03-18 09:30:31.959",NA,NA,77.3,11600
"2014-03-18 09:30:32.174",NA,NA,77.3,9200
"2014-03-18 09:30:32.190",NA,NA,77.3,11600
"2014-03-18 09:30:32.231",NA,NA,77.3,10800
"2014-03-18 09:30:32.390",NA,NA,77.25,9600
"2014-03-18 09:30:32.499",NA,NA,77.25,12000
"2014-03-18 09:30:32.632",NA,NA,77.25,10800
"2014-03-18 09:30:32.651",NA,NA,77.25,10400
"2014-03-18 09:30:32.746",NA,NA,77.25,10000
"2014-03-18 09:30:33.292",NA,NA,77.25,17600
"2014-03-18 09:30:33.310",NA,NA,77.25,17200
"2014-03-18 09:30:33.327",NA,NA,77.25,16400
"2014-03-18 09:30:33.601",NA,NA,77.25,15600
"2014-03-18 09:30:33.646",77.2,54400,NA,NA
"2014-03-18 09:30:33.758",NA,NA,77.25,15200
"2014-03-18 09:30:33.836",NA,NA,77.25,14800
"2014-03-18 09:30:33.841",NA,NA,77.25,4800
"2014-03-18 09:30:33.930",77.2,55600,NA,NA
"2014-03-18 09:30:34.432",77.2,57600,NA,NA
"2014-03-18 09:30:34.477",NA,NA,77.25,4000
"2014-03-18 09:30:34.509",NA,NA,77.25,6000
"2014-03-18 09:30:34.604",NA,NA,77.25,5600
"2014-03-18 09:30:34.642",NA,NA,77.25,5200
"2014-03-18 09:30:34.654",NA,NA,77.25,4800
"2014-03-18 09:30:34.777",77.2,58000,NA,NA
"2014-03-18 09:30:34.963",NA,NA,77.25,4400
"2014-03-18 09:30:35.113",NA,NA,77.25,6800
"2014-03-18 09:30:35.422",NA,NA,77.25,6400
"2014-03-18 09:30:35.480",NA,NA,77.25,6000
"2014-03-18 09:30:35.577",NA,NA,77.25,5600
"2014-03-18 09:30:35.577",NA,NA,77.25,5200
"2014-03-18 09:30:35.635",NA,NA,77.25,4800
"2014-03-18 09:30:35.644",NA,NA,77.25,2800
"2014-03-18 09:30:35.655",77.2,59200,NA,NA
"2014-03-18 09:30:35.815",NA,NA,77.3,5200
"2014-03-18 09:30:35.817",NA,NA,77.35,14400
"2014-03-18 09:30:35.922",NA,NA,77.35,14000
"2014-03-18 09:30:36.069",77.3,800,NA,NA
"2014-03-18 09:30:36.071",77.2,59200,NA,NA
"2014-03-18 09:30:36.082",NA,NA,77.3,800
"2014-03-18 09:30:36.430",NA,NA,77.35,12800
"2014-03-18 09:30:36.437",NA,NA,77.35,12400
"2014-03-18 09:30:36.711",NA,NA,77.35,12000
"2014-03-18 09:30:36.723",NA,NA,77.35,10800
"2014-03-18 09:30:36.750",NA,NA,77.35,10400
"2014-03-18 09:30:36.889",NA,NA,77.3,2800
"2014-03-18 09:30:36.936",77.2,59600,NA,NA
"2014-03-18 09:30:37.711",NA,NA,77.3,2400
"2014-03-18 09:30:37.806",NA,NA,77.3,4400
"2014-03-18 09:30:37.808",NA,NA,77.3,800
"2014-03-18 09:30:37.835",NA,NA,77.35,10400
"2014-03-18 09:30:37.843",NA,NA,77.35,10000
"2014-03-18 09:30:37.855",NA,NA,77.35,9200
"2014-03-18 09:30:37.943",NA,NA,77.35,8800
"2014-03-18 09:30:38.134",NA,NA,77.35,11200
"2014-03-18 09:30:38.298",77.25,2000,NA,NA
"2014-03-18 09:30:38.298",77.3,800,NA,NA
"2014-03-18 09:30:38.300",77.25,2000,NA,NA
"2014-03-18 09:30:38.310",NA,NA,77.3,800
"2014-03-18 09:30:38.327",NA,NA,77.3,400
"2014-03-18 09:30:38.331",NA,NA,77.4,112800
"2014-03-18 09:30:38.338",NA,NA,77.3,2400
"2014-03-18 09:30:38.598",NA,NA,77.3,2000
"2014-03-18 09:30:38.628",NA,NA,77.3,400
"2014-03-18 09:30:38.647",77.3,400,77.4,112800
"2014-03-18 09:30:38.649",77.25,2000,NA,NA
"2014-03-18 09:30:38.769",NA,NA,77.4,111200
"2014-03-18 09:30:38.779",77.25,1600,NA,NA
"2014-03-18 09:30:38.910",NA,NA,77.4,109200
"2014-03-18 09:30:38.927",77.25,1200,NA,NA
"2014-03-18 09:30:38.946",NA,NA,77.35,1600
"2014-03-18 09:30:38.963",NA,NA,77.35,5600
"2014-03-18 09:30:38.983",NA,NA,77.4,107600
"2014-03-18 09:30:39.020",77.2,59600,NA,NA
"2014-03-18 09:30:39.049",77.2,56000,NA,NA
"2014-03-18 09:30:39.300",NA,NA,77.4,106800
"2014-03-18 09:30:39.322",77.35,400,NA,NA
"2014-03-18 09:30:39.324",77.2,56000,NA,NA
"2014-03-18 09:30:39.325",NA,NA,77.35,400
"2014-03-18 09:30:39.325",NA,NA,77.35,800
"2014-03-18 09:30:39.327",NA,NA,77.35,400
"2014-03-18 09:30:39.379",NA,NA,77.4,106000
"2014-03-18 09:30:39.396",NA,NA,77.35,13600
"2014-03-18 09:30:39.402",NA,NA,77.35,14000
"2014-03-18 09:30:39.434",77.2,56800,NA,NA
"2014-03-18 09:30:39.467",77.3,400,NA,NA
"2014-03-18 09:30:39.504",NA,NA,77.35,13600
"2014-03-18 09:30:39.506",77.2,56800,NA,NA
"2014-03-18 09:30:39.619",NA,NA,77.35,13200
"2014-03-18 09:30:39.753",NA,NA,77.35,10400
"2014-03-18 09:30:39.778",77.2,57600,NA,NA
"2014-03-18 09:30:39.783",NA,NA,77.35,8400
"2014-03-18 09:30:39.864",NA,NA,77.35,7200
"2014-03-18 09:30:39.912",NA,NA,77.35,6000
"2014-03-18 09:30:40.319",NA,NA,77.35,5200
"2014-03-18 09:30:40.493",NA,NA,77.3,2800
"2014-03-18 09:30:40.498",NA,NA,77.3,800
"2014-03-18 09:30:40.608",NA,NA,77.35,2000
"2014-03-18 09:30:40.661",NA,NA,77.4,104000
"2014-03-18 09:30:41.146",NA,NA,77.4,106400
"2014-03-18 09:30:41.208",NA,NA,77.4,108400
"2014-03-18 09:30:41.330",NA,NA,77.4,107200
"2014-03-18 09:30:41.781",NA,NA,77.4,106400
"2014-03-18 09:30:41.941",77.25,800,NA,NA
"2014-03-18 09:30:42.035",NA,NA,77.3,1200
"2014-03-18 09:30:42.113",NA,NA,77.3,3600
"2014-03-18 09:30:42.149",NA,NA,77.3,6800
"2014-03-18 09:30:42.319",NA,NA,77.3,6400
"2014-03-18 09:30:42.440",NA,NA,77.3,6000
"2014-03-18 09:30:42.915",NA,NA,77.3,5600
"2014-03-18 09:30:43.829",NA,NA,77.4,99600
"2014-03-18 09:30:43.844",NA,NA,77.4,95600
"2014-03-18 09:30:43.950",NA,NA,77.35,10000
"2014-03-18 09:30:43.982",77.3,2000,NA,NA
"2014-03-18 09:30:43.984",77.3,400,NA,NA
"2014-03-18 09:30:43.994",77.25,800,77.3,1600
"2014-03-18 09:30:44.094",NA,NA,77.3,2800
"2014-03-18 09:30:44.441",NA,NA,77.3,2400
"2014-03-18 09:30:44.788",NA,NA,77.3,1200
"2014-03-18 09:30:45.400",NA,NA,77.3,800
"2014-03-18 09:30:45.404",NA,NA,77.3,400
"2014-03-18 09:30:45.409",NA,NA,77.3,2400
"2014-03-18 09:30:45.440",NA,NA,77.3,4800
"2014-03-18 09:30:45.480",NA,NA,77.3,4400
"2014-03-18 09:30:45.593",NA,NA,77.3,3600
"2014-03-18 09:30:45.604",NA,NA,77.3,3200
"2014-03-18 09:30:45.665",NA,NA,77.3,2800
"2014-03-18 09:30:45.688",NA,NA,77.3,1600
"2014-03-18 09:30:46.461",NA,NA,77.3,1200
"2014-03-18 09:30:46.560",NA,NA,77.3,400
"2014-03-18 09:30:46.669",NA,NA,77.3,800
"2014-03-18 09:30:46.688",NA,NA,77.35,62800
"2014-03-18 09:30:47.313",77.3,1200,NA,NA
"2014-03-18 09:30:47.315",77.25,800,NA,NA
"2014-03-18 09:30:47.326",NA,NA,77.3,1200
"2014-03-18 09:30:47.387",NA,NA,77.3,400
"2014-03-18 09:30:47.436",NA,NA,77.35,62800
"2014-03-18 09:30:47.483",NA,NA,77.35,60800
"2014-03-18 09:30:47.561",NA,NA,77.35,60400
"2014-03-18 09:30:47.712",NA,NA,77.3,1200
"2014-03-18 09:30:47.772",NA,NA,77.3,400
"2014-03-18 09:30:47.933",NA,NA,77.35,60000
"2014-03-18 09:30:48.020",NA,NA,77.35,59200
"2014-03-18 09:30:48.047",NA,NA,77.35,61600
"2014-03-18 09:30:48.331",NA,NA,77.35,61200
"2014-03-18 09:30:48.379",NA,NA,77.35,60000
"2014-03-18 09:30:48.447",NA,NA,77.35,58800
"2014-03-18 09:30:48.535",NA,NA,77.35,58400
"2014-03-18 09:30:48.632",77.3,2000,NA,NA
"2014-03-18 09:30:48.634",77.25,800,NA,NA
"2014-03-18 09:30:48.644",NA,NA,77.3,2000
"2014-03-18 09:30:48.709",NA,NA,77.3,4000
"2014-03-18 09:30:48.712",NA,NA,77.3,5200
"2014-03-18 09:30:48.749",NA,NA,77.3,8000
"2014-03-18 09:30:49.244",NA,NA,77.3,8800
"2014-03-18 09:30:49.309",NA,NA,77.3,7200
"2014-03-18 09:30:49.327",NA,NA,77.3,4000
"2014-03-18 09:30:49.392",NA,NA,77.3,3600
"2014-03-18 09:30:49.423",NA,NA,77.3,3200
"2014-03-18 09:30:49.444",NA,NA,77.3,2400
"2014-03-18 09:30:49.560",NA,NA,77.3,1200
"2014-03-18 09:30:49.872",NA,NA,77.3,400
"2014-03-18 09:30:50.315",NA,NA,77.35,55600
"2014-03-18 09:30:50.328",NA,NA,77.35,55200
"2014-03-18 09:30:50.331",NA,NA,77.35,51200
"2014-03-18 09:30:50.336",77.3,400,NA,NA
"2014-03-18 09:30:50.338",77.25,800,NA,NA
"2014-03-18 09:30:50.340",NA,NA,77.35,47600
"2014-03-18 09:30:50.386",77.3,400,NA,NA
"2014-03-18 09:30:50.388",77.25,800,NA,NA
"2014-03-18 09:30:50.439",NA,NA,77.35,46800
"2014-03-18 09:30:50.439",NA,NA,77.35,46400
"2014-03-18 09:30:50.449",NA,NA,77.35,36400
"2014-03-18 09:30:50.466",NA,NA,77.35,35600
"2014-03-18 09:30:50.485",NA,NA,77.35,33200
"2014-03-18 09:30:50.507",NA,NA,77.35,32400
"2014-03-18 09:30:50.524",77.3,800,NA,NA
"2014-03-18 09:30:50.679",77.25,800,NA,NA
"2014-03-18 09:30:50.877",77.25,2400,NA,NA
"2014-03-18 09:30:51.019",NA,NA,77.35,31600
"2014-03-18 09:30:51.305",NA,NA,77.3,4000
"2014-03-18 09:30:51.313",NA,NA,77.3,3600
"2014-03-18 09:30:51.321",NA,NA,77.3,3200
"2014-03-18 09:30:51.326",NA,NA,77.3,2800
"2014-03-18 09:30:51.328",NA,NA,77.35,30400
"2014-03-18 09:30:51.329",NA,NA,77.35,29600
"2014-03-18 09:30:51.332",NA,NA,77.35,28400
"2014-03-18 09:30:51.343",NA,NA,77.35,27600
"2014-03-18 09:30:51.362",77.3,800,NA,NA
"2014-03-18 09:30:51.377",NA,NA,77.35,27200
"2014-03-18 09:30:51.393",NA,NA,77.35,23200
"2014-03-18 09:30:51.423",NA,NA,77.35,22400
"2014-03-18 09:30:51.427",NA,NA,77.35,22000
"2014-03-18 09:30:51.433",NA,NA,77.35,21600
"2014-03-18 09:30:51.451",NA,NA,77.35,20800
"2014-03-18 09:30:51.482",NA,NA,77.35,20000
"2014-03-18 09:30:51.495",NA,NA,77.35,18400
"2014-03-18 09:30:51.516",NA,NA,77.35,17600
"2014-03-18 09:30:51.537",NA,NA,77.35,13600
"2014-03-18 09:30:51.556",NA,NA,77.35,16000
"2014-03-18 09:30:51.932",NA,NA,77.35,14800
"2014-03-18 09:30:51.933",NA,NA,77.35,14400
"2014-03-18 09:30:51.970",NA,NA,77.35,13200
"2014-03-18 09:30:52.024",NA,NA,77.35,12400
"2014-03-18 09:30:52.107",NA,NA,77.35,14400
"2014-03-18 09:30:52.313",NA,NA,77.35,14000
"2014-03-18 09:30:52.322",NA,NA,77.35,13600
"2014-03-18 09:30:52.333",NA,NA,77.35,16000
"2014-03-18 09:30:52.349",NA,NA,77.35,15600
"2014-03-18 09:30:52.355",NA,NA,77.35,14800
"2014-03-18 09:30:52.367",NA,NA,77.35,13600
"2014-03-18 09:30:52.519",NA,NA,77.35,12800
"2014-03-18 09:30:52.580",77.3,2000,NA,NA
"2014-03-18 09:30:53.019",77.25,4000,NA,NA
"2014-03-18 09:30:53.314",NA,NA,77.35,12400
"2014-03-18 09:30:53.361",NA,NA,77.35,12000
"2014-03-18 09:30:53.407",NA,NA,77.35,11600
"2014-03-18 09:30:53.476",NA,NA,77.35,11200
"2014-03-18 09:30:53.510",NA,NA,77.35,10000
"2014-03-18 09:30:53.519",NA,NA,77.35,9200
"2014-03-18 09:30:53.526",NA,NA,77.35,8800
"2014-03-18 09:30:53.600",NA,NA,77.35,8000
"2014-03-18 09:30:53.951",NA,NA,77.4,92800
"2014-03-18 09:30:54.022",77.25,400,NA,NA
"2014-03-18 09:30:54.315",NA,NA,77.4,92400
"2014-03-18 09:30:54.315",NA,NA,77.4,92000
"2014-03-18 09:30:54.316",77.25,800,NA,NA
"2014-03-18 09:30:54.328",NA,NA,77.4,91200
"2014-03-18 09:30:54.409",NA,NA,77.4,90800
"2014-03-18 09:30:54.452",NA,NA,77.4,90400
"2014-03-18 09:30:54.462",NA,NA,77.4,90000
"2014-03-18 09:30:54.468",NA,NA,77.4,89600
"2014-03-18 09:30:54.583",NA,NA,77.4,92000
"2014-03-18 09:30:54.694",77.3,1200,NA,NA
"2014-03-18 09:30:55.316",NA,NA,77.4,91200
"2014-03-18 09:30:55.326",77.3,1600,NA,NA
"2014-03-18 09:30:55.359",NA,NA,77.4,89200
"2014-03-18 09:30:55.361",NA,NA,77.4,88400
"2014-03-18 09:30:55.372",NA,NA,77.4,84400
"2014-03-18 09:30:55.379",NA,NA,77.4,84000
"2014-03-18 09:30:55.422",NA,NA,77.35,2800
"2014-03-18 09:30:55.484",NA,NA,77.35,2000
"2014-03-18 09:30:55.492",NA,NA,77.35,4800
"2014-03-18 09:30:55.507",NA,NA,77.35,6800
"2014-03-18 09:30:55.651",NA,NA,77.4,80400
"2014-03-18 09:30:56.022",NA,NA,77.4,79600
"2014-03-18 09:30:56.048",NA,NA,77.4,80000
"2014-03-18 09:30:56.140",NA,NA,77.4,79600
"2014-03-18 09:30:56.341",NA,NA,77.4,78800
"2014-03-18 09:30:56.344",NA,NA,77.4,74000
"2014-03-18 09:30:56.362",NA,NA,77.4,73200
"2014-03-18 09:30:56.379",NA,NA,77.4,72400
"2014-03-18 09:30:56.430",77.3,2800,NA,NA
"2014-03-18 09:30:56.445",77.3,4400,NA,NA
"2014-03-18 09:30:56.453",NA,NA,77.4,71200
"2014-03-18 09:30:56.968",NA,NA,77.35,2800
"2014-03-18 09:30:56.982",NA,NA,77.35,800
"2014-03-18 09:30:57.232",NA,NA,77.4,70400
"2014-03-18 09:30:57.354",NA,NA,77.4,70000
"2014-03-18 09:30:57.411",NA,NA,77.4,68000
"2014-03-18 09:30:57.412",NA,NA,77.4,67200
"2014-03-18 09:30:57.415",NA,NA,77.4,66400
"2014-03-18 09:30:57.449",NA,NA,77.4,26400
"2014-03-18 09:30:57.450",NA,NA,77.4,26000
"2014-03-18 09:30:57.455",NA,NA,77.4,24000
"2014-03-18 09:30:57.478",NA,NA,77.4,18000
"2014-03-18 09:30:57.489",NA,NA,77.4,17600
"2014-03-18 09:30:57.499",NA,NA,77.4,14400
"2014-03-18 09:30:57.514",NA,NA,77.4,14000
"2014-03-18 09:30:57.568",NA,NA,77.4,13200
"2014-03-18 09:30:58.038",NA,NA,77.4,17200
"2014-03-18 09:30:58.106",NA,NA,77.4,19600
"2014-03-18 09:30:58.319",NA,NA,77.4,18800
"2014-03-18 09:30:58.332",77.3,5200,NA,NA
"2014-03-18 09:30:58.345",NA,NA,77.4,16800
"2014-03-18 09:30:58.481",NA,NA,77.4,15600
"2014-03-18 09:30:58.509",NA,NA,77.35,4400
"2014-03-18 09:30:58.572",NA,NA,77.35,3600
"2014-03-18 09:30:58.615",NA,NA,77.35,6400
"2014-03-18 09:30:59.308",NA,NA,77.35,8400
"2014-03-18 09:30:59.340",NA,NA,77.35,8000
"2014-03-18 09:30:59.362",NA,NA,77.35,7600
"2014-03-18 09:30:59.395",NA,NA,77.35,5600
"2014-03-18 09:31:00.233",NA,NA,77.35,3600
"2014-03-18 09:31:00.663",NA,NA,77.35,2800
"2014-03-18 09:31:01.724",NA,NA,77.35,4400
"2014-03-18 09:31:01.869",NA,NA,77.35,8400
"2014-03-18 09:31:02.016",NA,NA,77.45,10800
"2014-03-18 09:31:03.186",NA,NA,77.4,3200
"2014-03-18 09:31:03.257",NA,NA,77.4,2800
"2014-03-18 09:31:03.374",NA,NA,77.4,2400
"2014-03-18 09:31:03.775",NA,NA,77.4,22400
"2014-03-18 09:31:04.040",77.3,3600,NA,NA
"2014-03-18 09:31:04.116",NA,NA,77.4,21600
"2014-03-18 09:31:04.233",NA,NA,77.4,19600
"2014-03-18 09:31:04.688",NA,NA,77.4,19200
"2014-03-18 09:31:04.841",NA,NA,77.4,12400
"2014-03-18 09:31:05.066",NA,NA,77.4,12000
"2014-03-18 09:31:05.212",NA,NA,77.35,1600
"2014-03-18 09:31:05.344",NA,NA,77.35,4000
"2014-03-18 09:31:06.689",NA,NA,77.35,3200
"2014-03-18 09:31:06.703",77.3,4000,NA,NA
"2014-03-18 09:31:06.852",NA,NA,77.35,2400
"2014-03-18 09:31:07.273",NA,NA,77.35,1200
"2014-03-18 09:31:08.111",77.3,4400,NA,NA
"2014-03-18 09:31:08.308",NA,NA,77.35,3200
"2014-03-18 09:31:08.968",NA,NA,77.35,2800
"2014-03-18 09:31:09.354",NA,NA,77.35,2000
"2014-03-18 09:31:10.153",NA,NA,77.35,1200
"2014-03-18 09:31:10.411",NA,NA,77.35,800
"2014-03-18 09:31:12.009",NA,NA,77.35,400
"2014-03-18 09:31:12.703",NA,NA,77.4,7600
"2014-03-18 09:31:12.774",NA,NA,77.4,6800
"2014-03-18 09:31:12.885",77.35,400,NA,NA
"2014-03-18 09:31:15.916",77.35,2000,NA,NA
"2014-03-18 09:31:16.265",NA,NA,77.4,9200
"2014-03-18 09:31:17.022",NA,NA,77.4,21600
"2014-03-18 09:31:17.591",NA,NA,77.4,31600
"2014-03-18 09:31:18.775",77.35,2400,NA,NA
"2014-03-18 09:31:20.473",NA,NA,77.4,33600
"2014-03-18 09:31:23.802",77.35,1600,NA,NA
"2014-03-18 09:31:24.165",77.35,800,NA,NA
"2014-03-18 09:31:27.027",NA,NA,77.4,36000
"2014-03-18 09:31:32.534",NA,NA,77.4,35200
"2014-03-18 09:31:32.610",NA,NA,77.4,37200
"2014-03-18 09:31:33.644",77.3,7600,77.35,1600
"2014-03-18 09:31:33.714",NA,NA,77.35,5600
"2014-03-18 09:31:33.755",NA,NA,77.35,11600
"2014-03-18 09:31:34.585",NA,NA,77.35,24000
"2014-03-18 09:31:35.208",NA,NA,77.35,24400
"2014-03-18 09:31:35.265",NA,NA,77.35,25600
"2014-03-18 09:31:35.412",NA,NA,77.35,24000
"2014-03-18 09:31:35.419",77.3,6000,NA,NA
"2014-03-18 09:31:35.682",NA,NA,77.35,26000
"2014-03-18 09:31:36.606",NA,NA,77.35,28400
"2014-03-18 09:31:36.645",NA,NA,77.35,30400
"2014-03-18 09:31:36.647",NA,NA,77.35,32400
"2014-03-18 09:31:36.650",NA,NA,77.35,34400
"2014-03-18 09:31:36.656",NA,NA,77.35,36400
"2014-03-18 09:31:36.657",NA,NA,77.35,38400
"2014-03-18 09:31:40.898",NA,NA,77.35,35200
"2014-03-18 09:31:41.863",NA,NA,77.35,35600
"2014-03-18 09:31:42.229",77.3,16000,NA,NA
"2014-03-18 09:31:43.493",NA,NA,77.35,38000
"2014-03-18 09:31:44.170",NA,NA,77.35,36000
"2014-03-18 09:31:44.824",77.3,26000,NA,NA
"2014-03-18 09:31:45.207",NA,NA,77.35,38000
"2014-03-18 09:31:45.227",NA,NA,77.35,37600
"2014-03-18 09:31:46.198",NA,NA,77.35,39600
"2014-03-18 09:31:46.324",NA,NA,77.35,39200
"2014-03-18 09:31:47.942",NA,NA,77.35,38400
"2014-03-18 09:31:49.138",77.3,26400,NA,NA
"2014-03-18 09:31:51.668",NA,NA,77.35,38000
"2014-03-18 09:31:51.823",NA,NA,77.35,37200
"2014-03-18 09:31:52.311",NA,NA,77.35,36800
"2014-03-18 09:31:54.160",NA,NA,77.35,34400
"2014-03-18 09:31:54.169",NA,NA,77.35,39200
"2014-03-18 09:31:54.312",NA,NA,77.35,37200
"2014-03-18 09:31:54.439",NA,NA,77.35,36000
"2014-03-18 09:31:55.731",NA,NA,77.35,24800
"2014-03-18 09:31:56.107",NA,NA,77.35,51200
"2014-03-18 09:31:57.509",NA,NA,77.35,53200
"2014-03-18 09:31:57.690",NA,NA,77.35,53600
"2014-03-18 09:31:59.358",NA,NA,77.35,52000
"2014-03-18 09:32:00.878",NA,NA,77.35,51600
"2014-03-18 09:32:01.519",NA,NA,77.35,63200
"2014-03-18 09:32:04.250",NA,NA,77.35,62000
"2014-03-18 09:32:04.624",NA,NA,77.35,50400
"2014-03-18 09:32:05.443",NA,NA,77.35,52800
"2014-03-18 09:32:05.842",NA,NA,77.35,50800
"2014-03-18 09:32:06.738",NA,NA,77.35,49200
"2014-03-18 09:32:09.286",NA,NA,77.35,54000
"2014-03-18 09:32:10.610",NA,NA,77.35,52000
"2014-03-18 09:32:10.617",NA,NA,77.35,56000
"2014-03-18 09:32:12.449",NA,NA,77.35,55600
"2014-03-18 09:32:12.499",NA,NA,77.35,58400
"2014-03-18 09:32:13.447",NA,NA,77.35,53600
"2014-03-18 09:32:13.950",NA,NA,77.35,53200
"2014-03-18 09:32:17.315",NA,NA,77.35,50800
"2014-03-18 09:32:17.322",NA,NA,77.35,55600
"2014-03-18 09:32:17.333",NA,NA,77.35,55200
"2014-03-18 09:32:18.493",NA,NA,77.35,52400
"2014-03-18 09:32:18.883",NA,NA,77.35,68400
"2014-03-18 09:32:19.122",NA,NA,77.35,62000
"2014-03-18 09:32:19.155",NA,NA,77.35,61600
"2014-03-18 09:32:20.020",77.3,21600,NA,NA
"2014-03-18 09:32:20.201",77.3,19200,NA,NA
"2014-03-18 09:32:21.040",NA,NA,77.35,72400
"2014-03-18 09:32:23.676",77.3,20400,NA,NA
"2014-03-18 09:32:23.715",NA,NA,77.35,74400
"2014-03-18 09:32:26.099",NA,NA,77.35,63600
"2014-03-18 09:32:27.301",NA,NA,77.35,64800
"2014-03-18 09:32:28.740",NA,NA,77.35,60000
"2014-03-18 09:32:28.747",NA,NA,77.35,67200
"2014-03-18 09:32:30.453",NA,NA,77.35,66400
"2014-03-18 09:32:30.668",NA,NA,77.35,70000
"2014-03-18 09:32:33.592",NA,NA,77.35,82400
"2014-03-18 09:32:33.612",NA,NA,77.35,84400
"2014-03-18 09:32:33.863",NA,NA,77.35,88400
"2014-03-18 09:32:33.961",NA,NA,77.35,84400
"2014-03-18 09:32:37.048",77.3,20800,NA,NA
"2014-03-18 09:32:37.205",NA,NA,77.35,82400
"2014-03-18 09:32:37.212",NA,NA,77.35,86400
"2014-03-18 09:32:37.800",NA,NA,77.35,85600
"2014-03-18 09:32:37.952",NA,NA,77.35,84800
"2014-03-18 09:32:39.279",NA,NA,77.35,74800
"2014-03-18 09:32:39.295",NA,NA,77.35,74000
"2014-03-18 09:32:40.700",NA,NA,77.35,76400
"2014-03-18 09:32:42.241",NA,NA,77.35,76000
"2014-03-18 09:32:42.274",77.3,12000,NA,NA
"2014-03-18 09:32:42.274",NA,NA,77.35,67200
"2014-03-18 09:32:43.024",NA,NA,77.35,66400
"2014-03-18 09:32:43.031",77.3,10400,NA,NA
"2014-03-18 09:32:43.187",77.3,8000,NA,NA
"2014-03-18 09:32:46.160",NA,NA,77.35,66000
"2014-03-18 09:32:46.248",NA,NA,77.35,65200
"2014-03-18 09:32:46.467",NA,NA,77.35,64800
"2014-03-18 09:32:46.520",77.3,10000,NA,NA
"2014-03-18 09:32:46.555",NA,NA,77.35,64400
"2014-03-18 09:32:46.642",NA,NA,77.35,64000
"2014-03-18 09:32:46.683",77.3,10800,NA,NA
"2014-03-18 09:32:46.775",NA,NA,77.35,63600
"2014-03-18 09:32:46.859",NA,NA,77.35,63200
"2014-03-18 09:32:46.917",NA,NA,77.35,62400
"2014-03-18 09:32:47.161",NA,NA,77.35,62000
"2014-03-18 09:32:47.247",77.3,11600,NA,NA
"2014-03-18 09:32:47.518",NA,NA,77.35,61600
"2014-03-18 09:32:47.606",NA,NA,77.35,60800
"2014-03-18 09:32:47.781",NA,NA,77.35,60000
"2014-03-18 09:32:47.783",NA,NA,77.35,53600
"2014-03-18 09:32:47.912",NA,NA,77.35,53200
"2014-03-18 09:32:48.153",NA,NA,77.35,52800
"2014-03-18 09:32:48.240",NA,NA,77.35,52000
"2014-03-18 09:32:48.412",NA,NA,77.35,51200
"2014-03-18 09:32:48.463",NA,NA,77.35,73200
"2014-03-18 09:32:48.540",NA,NA,77.35,72800
"2014-03-18 09:32:48.672",NA,NA,77.35,70400
"2014-03-18 09:32:48.710",NA,NA,77.35,72400
"2014-03-18 09:32:48.719",77.3,12000,NA,NA
"2014-03-18 09:32:49.240",NA,NA,77.35,72000
"2014-03-18 09:32:49.542",77.3,16000,NA,NA
"2014-03-18 09:32:49.805",77.3,16400,NA,NA
"2014-03-18 09:32:49.934",77.3,16800,NA,NA
"2014-03-18 09:32:50.021",NA,NA,77.35,70800
"2014-03-18 09:32:50.065",NA,NA,77.35,70400
"2014-03-18 09:32:50.065",NA,NA,77.35,68800
"2014-03-18 09:32:50.210",NA,NA,77.35,70800
"2014-03-18 09:32:52.145",NA,NA,77.35,68400
"2014-03-18 09:32:52.152",NA,NA,77.35,73200
"2014-03-18 09:32:53.951",77.3,12800,NA,NA
"2014-03-18 09:32:54.093",77.3,10000,NA,NA
"2014-03-18 09:32:54.095",77.25,57600,NA,NA
"2014-03-18 09:32:57.894",NA,NA,77.35,72800
"2014-03-18 09:33:00.700",NA,NA,77.35,75200
"2014-03-18 09:33:00.718",NA,NA,77.35,76800
"2014-03-18 09:33:01.426",NA,NA,77.35,78800
"2014-03-18 09:33:01.473",NA,NA,77.35,80800
"2014-03-18 09:33:03.711",NA,NA,77.35,82800
"2014-03-18 09:33:03.712",NA,NA,77.35,80800
"2014-03-18 09:33:03.715",NA,NA,77.35,83200
"2014-03-18 09:33:03.719",NA,NA,77.35,87200
"2014-03-18 09:33:03.944",NA,NA,77.35,79200
"2014-03-18 09:33:04.024",NA,NA,77.35,74400
"2014-03-18 09:33:04.030",NA,NA,77.35,81600
"2014-03-18 09:33:04.793",NA,NA,77.3,22000
"2014-03-18 09:33:04.813",NA,NA,77.3,30000
"2014-03-18 09:33:04.835",NA,NA,77.3,44400
"2014-03-18 09:33:04.889",NA,NA,77.3,56000
"2014-03-18 09:33:05.442",NA,NA,77.3,66800
"2014-03-18 09:33:06.022",NA,NA,77.3,70400
"2014-03-18 09:33:06.337",NA,NA,77.3,71600
"2014-03-18 09:33:06.702",NA,NA,77.3,75200
"2014-03-18 09:33:06.747",NA,NA,77.3,74400
"2014-03-18 09:33:07.089",NA,NA,77.3,75200
"2014-03-18 09:33:09.126",NA,NA,77.3,74800
"2014-03-18 09:33:09.546",NA,NA,77.3,74000
"2014-03-18 09:33:09.547",NA,NA,77.3,75200
"2014-03-18 09:33:09.549",77.25,58000,NA,NA
"2014-03-18 09:33:10.941",NA,NA,77.3,69600
"2014-03-18 09:33:11.044",77.25,51200,NA,NA
"2014-03-18 09:33:11.196",77.25,48000,NA,NA
"2014-03-18 09:33:11.452",NA,NA,77.3,68800
"2014-03-18 09:33:11.537",NA,NA,77.3,67600
"2014-03-18 09:33:11.538",NA,NA,77.3,69600
"2014-03-18 09:33:12.460",77.25,5200,NA,NA
"2014-03-18 09:33:12.462",77.2,77200,NA,NA
"2014-03-18 09:33:12.463",NA,NA,77.25,5200
"2014-03-18 09:33:12.466",77.15,34800,NA,NA
"2014-03-18 09:33:12.466",NA,NA,77.25,18400
"2014-03-18 09:33:12.466",NA,NA,77.25,13200
"2014-03-18 09:33:12.469",NA,NA,77.25,35200
"2014-03-18 09:33:12.519",NA,NA,77.25,44400
"2014-03-18 09:33:12.546",NA,NA,77.25,53600
"2014-03-18 09:33:12.551",NA,NA,77.25,64400
"2014-03-18 09:33:13.021",77.15,30000,NA,NA
"2014-03-18 09:33:13.047",NA,NA,77.25,67600
"2014-03-18 09:33:13.867",NA,NA,77.25,68000
"2014-03-18 09:33:14.274",NA,NA,77.25,67200
"2014-03-18 09:33:14.561",NA,NA,77.2,800
"2014-03-18 09:33:14.593",NA,NA,77.2,11600
"2014-03-18 09:33:14.620",NA,NA,77.2,21200
"2014-03-18 09:33:14.623",NA,NA,77.2,43200
"2014-03-18 09:33:14.649",NA,NA,77.2,52800
"2014-03-18 09:33:15.801",NA,NA,77.2,51600
"2014-03-18 09:33:16.021",NA,NA,77.2,54400
"2014-03-18 09:33:16.580",NA,NA,77.2,55600
"2014-03-18 09:33:16.994",NA,NA,77.2,59200
"2014-03-18 09:33:18.079",NA,NA,77.2,58400
"2014-03-18 09:33:18.287",NA,NA,77.2,57200
"2014-03-18 09:33:18.293",NA,NA,77.2,54000
"2014-03-18 09:33:19.082",NA,NA,77.2,53600
"2014-03-18 09:33:19.778",NA,NA,77.2,58400
"2014-03-18 09:33:23.059",77.15,32000,NA,NA
"2014-03-18 09:33:24.517",NA,NA,77.2,70800
"2014-03-18 09:33:25.824",NA,NA,77.2,73200
"2014-03-18 09:33:26.770",NA,NA,77.2,70000
"2014-03-18 09:33:26.966",NA,NA,77.2,57600
"2014-03-18 09:33:27.807",NA,NA,77.2,59600
"2014-03-18 09:33:28.282",NA,NA,77.2,58400
"2014-03-18 09:33:29.311",NA,NA,77.2,58000
"2014-03-18 09:33:30.587",NA,NA,77.2,56800
"2014-03-18 09:33:31.684",NA,NA,77.2,56400
"2014-03-18 09:33:33.285",77.15,33200,NA,NA
"2014-03-18 09:33:37.179",77.15,33600,NA,NA
"2014-03-18 09:33:37.454",NA,NA,77.2,54000
"2014-03-18 09:33:37.461",NA,NA,77.2,58800
"2014-03-18 09:33:39.188",NA,NA,77.2,48800
"2014-03-18 09:33:39.210",NA,NA,77.2,48000
"2014-03-18 09:33:39.933",NA,NA,77.2,50000
"2014-03-18 09:33:41.305",NA,NA,77.2,52000
"2014-03-18 09:33:41.357",NA,NA,77.2,48800
"2014-03-18 09:33:42.193",NA,NA,77.2,46800
"2014-03-18 09:33:42.195",NA,NA,77.2,52000
"2014-03-18 09:33:42.394",NA,NA,77.2,68000
"2014-03-18 09:33:43.016",NA,NA,77.2,69600
"2014-03-18 09:33:43.291",NA,NA,77.2,69200
"2014-03-18 09:33:44.518",NA,NA,77.2,64400
"2014-03-18 09:33:44.519",NA,NA,77.2,63600
"2014-03-18 09:33:44.620",77.15,26800,NA,NA
"2014-03-18 09:33:45.019",NA,NA,77.2,62800
"2014-03-18 09:33:45.364",NA,NA,77.2,64000
"2014-03-18 09:33:45.628",NA,NA,77.2,63600
"2014-03-18 09:33:46.910",77.15,42800,NA,NA
"2014-03-18 09:33:47.048",77.15,43200,NA,NA
"2014-03-18 09:33:47.696",77.15,42000,NA,NA
"2014-03-18 09:33:48.652",77.15,26000,NA,NA
"2014-03-18 09:33:49.295",77.15,27600,NA,NA
"2014-03-18 09:33:49.727",77.15,28000,NA,NA
"2014-03-18 09:33:50.753",NA,NA,77.2,63200
"2014-03-18 09:33:54.291",NA,NA,77.2,62000
"2014-03-18 09:33:54.805",NA,NA,77.2,60000
"2014-03-18 09:33:54.812",NA,NA,77.2,64000
"2014-03-18 09:33:55.241",NA,NA,77.2,66400
"2014-03-18 09:33:55.348",77.15,44000,NA,NA
"2014-03-18 09:33:56.353",77.15,28000,NA,NA
"2014-03-18 09:33:57.319",NA,NA,77.2,64800
"2014-03-18 09:33:57.430",NA,NA,77.2,14800
"2014-03-18 09:33:57.432",NA,NA,77.25,24400
"2014-03-18 09:33:57.432",NA,NA,77.25,2400
"2014-03-18 09:33:57.432",NA,NA,77.25,24400
"2014-03-18 09:33:57.434",NA,NA,77.25,2400
"2014-03-18 09:33:57.461",NA,NA,77.25,1200
"2014-03-18 09:33:57.683",77.15,28400,NA,NA
"2014-03-18 09:33:58.199",NA,NA,77.25,800
"2014-03-18 09:33:58.698",NA,NA,77.2,5600
"2014-03-18 09:33:59.356",77.15,44400,NA,NA
"2014-03-18 09:33:59.504",NA,NA,77.2,4800
"2014-03-18 09:33:59.539",NA,NA,77.2,3200
"2014-03-18 09:33:59.988",NA,NA,77.2,2800
"2014-03-18 09:34:03.605",NA,NA,77.2,800
"2014-03-18 09:34:03.803",77.15,28400,NA,NA
"2014-03-18 09:34:04.866",77.15,34000,NA,NA
"2014-03-18 09:34:08.235",NA,NA,77.2,3200
"2014-03-18 09:34:08.908",NA,NA,77.2,2000
"2014-03-18 09:34:09.075",77.15,50000,NA,NA
"2014-03-18 09:34:09.509",NA,NA,77.2,4000
"2014-03-18 09:34:10.021",NA,NA,77.2,14800
"2014-03-18 09:34:10.439",77.15,34000,NA,NA
"2014-03-18 09:34:11.848",NA,NA,77.2,30800
"2014-03-18 09:34:11.849",NA,NA,77.2,52800
"2014-03-18 09:34:11.916",NA,NA,77.2,52400
"2014-03-18 09:34:12.021",NA,NA,77.2,54800
"2014-03-18 09:34:12.667",77.15,34800,NA,NA
"2014-03-18 09:34:19.390",77.15,50800,NA,NA
"2014-03-18 09:34:19.560",77.15,50400,NA,NA
"2014-03-18 09:34:19.560",NA,NA,77.2,54400
"2014-03-18 09:34:20.804",77.15,34400,NA,NA
"2014-03-18 09:34:21.523",NA,NA,77.2,38400
"2014-03-18 09:34:21.525",NA,NA,77.25,800
"2014-03-18 09:34:21.985",NA,NA,77.25,3200
"2014-03-18 09:34:22.895",NA,NA,77.2,7200
"2014-03-18 09:34:23.000",NA,NA,77.2,9600
"2014-03-18 09:34:23.067",77.15,34800,NA,NA
"2014-03-18 09:34:23.789",77.15,50800,NA,NA
"2014-03-18 09:34:24.990",NA,NA,77.2,9200
"2014-03-18 09:34:25.011",NA,NA,77.2,11200
"2014-03-18 09:34:25.357",NA,NA,77.2,10400
"2014-03-18 09:34:25.685",NA,NA,77.2,9600
"2014-03-18 09:34:25.885",NA,NA,77.2,8800
"2014-03-18 09:34:28.354",NA,NA,77.2,8000
"2014-03-18 09:34:28.553",NA,NA,77.2,1600
"2014-03-18 09:34:28.706",NA,NA,77.2,400
"2014-03-18 09:34:29.021",77.15,47600,NA,NA
"2014-03-18 09:34:29.979",77.15,47200,NA,NA
"2014-03-18 09:34:30.072",NA,NA,77.25,800
"2014-03-18 09:34:30.099",NA,NA,77.2,1200
"2014-03-18 09:34:32.090",NA,NA,77.2,2000
"2014-03-18 09:34:32.268",NA,NA,77.2,6800
"2014-03-18 09:34:33.404",77.2,23200,77.25,800
"2014-03-18 09:34:33.405",NA,NA,77.3,16000
"2014-03-18 09:34:33.478",NA,NA,77.3,20000
"2014-03-18 09:34:33.484",NA,NA,77.3,16000
"2014-03-18 09:34:33.645",77.2,23600,NA,NA
"2014-03-18 09:34:34.099",77.2,24400,NA,NA
"2014-03-18 09:34:34.230",NA,NA,77.25,800
"2014-03-18 09:34:34.856",77.2,36400,NA,NA
"2014-03-18 09:34:35.740",NA,NA,77.25,3200
"2014-03-18 09:34:36.210",77.2,37200,NA,NA
"2014-03-18 09:34:37.146",77.2,38000,NA,NA
"2014-03-18 09:34:37.604",77.2,38400,NA,NA
"2014-03-18 09:34:40.896",NA,NA,77.25,5200
"2014-03-18 09:34:43.006",NA,NA,77.25,5600
"2014-03-18 09:34:43.522",77.2,42400,NA,NA
"2014-03-18 09:34:46.666",77.2,44400,NA,NA
"2014-03-18 09:34:48.346",77.2,44800,NA,NA
"2014-03-18 09:34:49.923",NA,NA,77.25,8000
"2014-03-18 09:34:50.062",77.2,45600,NA,NA
"2014-03-18 09:34:51.907",77.2,44800,NA,NA
"2014-03-18 09:34:51.907",NA,NA,77.25,7200
"2014-03-18 09:34:51.950",NA,NA,77.25,6400
"2014-03-18 09:34:53.284",NA,NA,77.25,6800
"2014-03-18 09:34:53.533",77.2,44000,NA,NA
"2014-03-18 09:34:53.533",NA,NA,77.25,6000
"2014-03-18 09:34:54.582",77.2,44400,NA,NA
"2014-03-18 09:34:55.471",77.2,60400,NA,NA
"2014-03-18 09:34:56.396",NA,NA,77.25,8000
"2014-03-18 09:34:56.404",NA,NA,77.25,6800
"2014-03-18 09:34:57.186",77.2,60800,NA,NA
"2014-03-18 09:34:58.833",77.2,62000,NA,NA
"2014-03-18 09:34:59.176",NA,NA,77.25,7200
"2014-03-18 09:35:01.793",77.2,63200,NA,NA
"2014-03-18 09:35:03.348",NA,NA,77.25,7600
"2014-03-18 09:35:03.419",NA,NA,77.25,8400
"2014-03-18 09:35:04.753",77.2,62800,NA,NA
"2014-03-18 09:35:06.111",NA,NA,77.25,10800
"2014-03-18 09:35:08.648",77.25,9200,77.3,18000
"2014-03-18 09:35:08.943",77.25,9600,NA,NA
"2014-03-18 09:35:09.545",NA,NA,77.3,40000
"2014-03-18 09:35:09.547",77.25,8000,NA,NA
"2014-03-18 09:35:10.018",NA,NA,77.3,42000
"2014-03-18 09:35:10.053",77.25,24000,NA,NA
"2014-03-18 09:35:10.256",NA,NA,77.3,43600
"2014-03-18 09:35:10.354",NA,NA,77.3,27600
"2014-03-18 09:35:10.355",NA,NA,77.3,5600
"2014-03-18 09:35:11.014",NA,NA,77.3,4000
"2014-03-18 09:35:12.337",77.25,22800,NA,NA
"2014-03-18 09:35:16.844",77.25,23600,NA,NA
"2014-03-18 09:35:17.307",77.25,30000,NA,NA
"2014-03-18 09:35:18.253",NA,NA,77.3,2800
"2014-03-18 09:35:21.109",NA,NA,77.3,4400
"2014-03-18 09:35:21.923",NA,NA,77.3,4000
"2014-03-18 09:35:25.653",NA,NA,77.3,3600
"2014-03-18 09:35:27.947",77.25,30400,NA,NA
"2014-03-18 09:35:28.948",77.25,31600,NA,NA
"2014-03-18 09:35:30.323",NA,NA,77.3,5600
"2014-03-18 09:35:30.510",NA,NA,77.3,27600
"2014-03-18 09:35:30.627",NA,NA,77.3,31600
"2014-03-18 09:35:30.715",NA,NA,77.3,47600
"2014-03-18 09:35:30.717",77.25,15600,NA,NA
"2014-03-18 09:35:31.017",NA,NA,77.3,49600
"2014-03-18 09:35:31.130",NA,NA,77.3,39600
"2014-03-18 09:35:31.174",77.25,16800,NA,NA
"2014-03-18 09:35:32.391",NA,NA,77.3,40800
"2014-03-18 09:35:33.686",NA,NA,77.3,40400
"2014-03-18 09:35:34.124",NA,NA,77.3,39600
"2014-03-18 09:35:36.082",NA,NA,77.3,39200
"2014-03-18 09:35:36.684",77.25,20800,NA,NA
"2014-03-18 09:35:37.375",NA,NA,77.3,38400
"2014-03-18 09:35:40.950",NA,NA,77.3,37200
"2014-03-18 09:35:41.228",77.25,22400,NA,NA
"2014-03-18 09:35:42.089",77.25,22000,NA,NA
"2014-03-18 09:35:42.115",NA,NA,77.3,45200
"2014-03-18 09:35:42.445",NA,NA,77.3,46400
"2014-03-18 09:35:42.960",77.25,16000,NA,NA
"2014-03-18 09:35:42.960",NA,NA,77.3,40400
"2014-03-18 09:35:43.697",NA,NA,77.3,38400
"2014-03-18 09:35:45.295",77.25,9600,NA,NA
"2014-03-18 09:35:45.295",NA,NA,77.3,32000
"2014-03-18 09:35:45.298",NA,NA,77.3,46000
"2014-03-18 09:35:45.310",NA,NA,77.3,45200
"2014-03-18 09:35:46.016",77.25,7200,NA,NA
"2014-03-18 09:35:47.860",NA,NA,77.3,44400
"2014-03-18 09:35:48.497",NA,NA,77.3,46800
"2014-03-18 09:35:48.954",77.25,11200,NA,NA
"2014-03-18 09:35:51.155",77.25,16400,NA,NA
"2014-03-18 09:35:54.853",NA,NA,77.3,49600
"2014-03-18 09:36:01.351",NA,NA,77.3,49200
"2014-03-18 09:36:02.080",NA,NA,77.3,48400
"2014-03-18 09:36:02.353",NA,NA,77.3,48000
"2014-03-18 09:36:02.709",NA,NA,77.3,48800
"2014-03-18 09:36:03.288",NA,NA,77.3,48400
"2014-03-18 09:36:04.683",77.25,18800,NA,NA
"2014-03-18 09:36:06.657",NA,NA,77.3,49200
"2014-03-18 09:36:08.723",NA,NA,77.3,48400
"2014-03-18 09:36:09.370",NA,NA,77.3,47200
"2014-03-18 09:36:10.374",77.25,34800,NA,NA
"2014-03-18 09:36:10.977",77.25,34400,NA,NA
"2014-03-18 09:36:10.977",NA,NA,77.3,46800
"2014-03-18 09:36:14.513",NA,NA,77.3,48800
"2014-03-18 09:36:15.237",77.25,18400,NA,NA
"2014-03-18 09:36:16.311",NA,NA,77.3,45200
"2014-03-18 09:36:16.892",NA,NA,77.3,47600
"2014-03-18 09:36:16.947",77.25,18800,NA,NA
"2014-03-18 09:36:18.175",77.25,20000,NA,NA
"2014-03-18 09:36:18.993",NA,NA,77.3,46000
"2014-03-18 09:36:20.519",NA,NA,77.3,45600
"2014-03-18 09:36:21.476",NA,NA,77.3,46400
"2014-03-18 09:36:21.889",NA,NA,77.3,50400
"2014-03-18 09:36:22.713",NA,NA,77.3,49600
"2014-03-18 09:36:26.627",NA,NA,77.3,49200
"2014-03-18 09:36:29.897",NA,NA,77.3,48400
"2014-03-18 09:36:31.116",NA,NA,77.3,47600
"2014-03-18 09:36:31.937",NA,NA,77.3,46000
"2014-03-18 09:36:33.279",77.25,25200,NA,NA
"2014-03-18 09:36:34.646",NA,NA,77.3,44000
"2014-03-18 09:36:35.659",NA,NA,77.3,41600
"2014-03-18 09:36:35.659",NA,NA,77.3,57600
"2014-03-18 09:36:35.675",NA,NA,77.3,59200
"2014-03-18 09:36:36.045",77.25,25600,NA,NA
"2014-03-18 09:36:37.277",NA,NA,77.3,58800
"2014-03-18 09:36:38.329",NA,NA,77.3,56400
"2014-03-18 09:36:38.336",NA,NA,77.3,61200
"2014-03-18 09:36:38.896",NA,NA,77.3,59200
"2014-03-18 09:36:38.903",NA,NA,77.3,63200
"2014-03-18 09:36:40.873",77.25,26000,NA,NA
"2014-03-18 09:36:41.677",NA,NA,77.3,62000
"2014-03-18 09:36:41.702",NA,NA,77.3,63600
"2014-03-18 09:36:43.307",77.25,20800,NA,NA
"2014-03-18 09:36:46.577",NA,NA,77.3,61600
"2014-03-18 09:36:47.487",NA,NA,77.3,61200
"2014-03-18 09:36:48.091",NA,NA,77.3,66000
"2014-03-18 09:36:49.519",NA,NA,77.3,64400
"2014-03-18 09:36:51.496",NA,NA,77.3,64000
"2014-03-18 09:36:51.587",NA,NA,77.3,62400
"2014-03-18 09:36:53.088",NA,NA,77.3,61600
"2014-03-18 09:36:53.586",NA,NA,77.3,61200
"2014-03-18 09:36:55.812",77.25,20400,NA,NA
"2014-03-18 09:36:55.812",NA,NA,77.3,60800
"2014-03-18 09:36:55.922",NA,NA,77.3,60000
"2014-03-18 09:36:56.013",NA,NA,77.3,59200
"2014-03-18 09:36:56.240",NA,NA,77.3,56000
"2014-03-18 09:36:56.243",NA,NA,77.3,65600
"2014-03-18 09:36:56.682",77.25,20800,NA,NA
"2014-03-18 09:36:58.369",NA,NA,77.3,64800
"2014-03-18 09:36:59.825",NA,NA,77.3,60000
"2014-03-18 09:36:59.832",NA,NA,77.3,67200
"2014-03-18 09:37:02.101",NA,NA,77.3,63200
"2014-03-18 09:37:02.108",NA,NA,77.3,69200
"2014-03-18 09:37:04.578",NA,NA,77.3,59600
"2014-03-18 09:37:04.579",NA,NA,77.3,70000
"2014-03-18 09:37:05.439",77.25,21200,NA,NA
"2014-03-18 09:37:05.478",NA,NA,77.3,68000
"2014-03-18 09:37:08.299",NA,NA,77.3,67600
"2014-03-18 09:37:10.400",NA,NA,77.3,67200
"2014-03-18 09:37:10.965",77.25,21600,NA,NA
"2014-03-18 09:37:12.907",NA,NA,77.3,66800
"2014-03-18 09:37:13.513",NA,NA,77.3,67600
"2014-03-18 09:37:13.851",NA,NA,77.3,71600
"2014-03-18 09:37:14.323",NA,NA,77.3,64400
"2014-03-18 09:37:14.330",NA,NA,77.3,74000
"2014-03-18 09:37:14.406",77.25,19600,NA,NA
"2014-03-18 09:37:14.851",NA,NA,77.3,78000
"2014-03-18 09:37:15.015",NA,NA,77.3,79600
"2014-03-18 09:37:15.685",77.25,24800,NA,NA
"2014-03-18 09:37:15.850",NA,NA,77.3,84000
"2014-03-18 09:37:17.385",77.25,26000,NA,NA
"2014-03-18 09:37:18.717",NA,NA,77.3,81600
"2014-03-18 09:37:18.806",NA,NA,77.3,75600
"2014-03-18 09:37:18.813",NA,NA,77.3,83600
"2014-03-18 09:37:20.335",NA,NA,77.3,71600
"2014-03-18 09:37:20.337",NA,NA,77.3,83200
"2014-03-18 09:37:20.615",NA,NA,77.3,73200
"2014-03-18 09:37:21.620",NA,NA,77.3,61600
"2014-03-18 09:37:21.694",NA,NA,77.3,64000
"2014-03-18 09:37:22.014",NA,NA,77.3,63200
"2014-03-18 09:37:22.447",NA,NA,77.3,62800
"2014-03-18 09:37:28.106",77.25,28000,NA,NA
"2014-03-18 09:37:28.829",NA,NA,77.3,65200
"2014-03-18 09:37:29.490",NA,NA,77.3,64800
"2014-03-18 09:37:29.827",77.25,28400,NA,NA
"2014-03-18 09:37:33.816",NA,NA,77.3,60800
"2014-03-18 09:37:33.843",NA,NA,77.3,62400
"2014-03-18 09:37:35.303",NA,NA,77.3,64400
"2014-03-18 09:37:35.799",NA,NA,77.3,62400
"2014-03-18 09:37:35.808",77.25,28800,NA,NA
"2014-03-18 09:37:38.861",NA,NA,77.3,61200
"2014-03-18 09:37:39.536",NA,NA,77.3,62000
"2014-03-18 09:37:40.052",NA,NA,77.3,66800
"2014-03-18 09:37:42.009",NA,NA,77.3,66400
"2014-03-18 09:37:43.425",NA,NA,77.3,64000
"2014-03-18 09:37:43.432",NA,NA,77.3,68800
"2014-03-18 09:37:44.039",NA,NA,77.3,71200
"2014-03-18 09:37:46.206",NA,NA,77.3,87200
"2014-03-18 09:37:46.225",NA,NA,77.3,89200
"2014-03-18 09:37:48.046",NA,NA,77.3,88800
"2014-03-18 09:37:49.457",NA,NA,77.3,87600
"2014-03-18 09:37:50.743",NA,NA,77.3,84800
"2014-03-18 09:37:51.702",NA,NA,77.3,82800
"2014-03-18 09:37:51.709",NA,NA,77.3,86800
"2014-03-18 09:37:52.040",NA,NA,77.3,82000
"2014-03-18 09:37:52.041",NA,NA,77.3,81200
"2014-03-18 09:37:52.144",77.25,22000,NA,NA
"2014-03-18 09:37:52.400",NA,NA,77.3,77200
"2014-03-18 09:37:52.401",NA,NA,77.3,76000
"2014-03-18 09:37:52.501",77.25,16800,NA,NA
"2014-03-18 09:37:52.639",77.25,16400,NA,NA
"2014-03-18 09:37:53.014",NA,NA,77.3,75200
"2014-03-18 09:37:53.036",NA,NA,77.3,75600
"2014-03-18 09:37:55.309",77.25,16800,NA,NA
"2014-03-18 09:37:59.976",77.25,18000,NA,NA
"2014-03-18 09:38:00.825",NA,NA,77.3,76000
"2014-03-18 09:38:03.323",NA,NA,77.3,78400
"2014-03-18 09:38:04.246",NA,NA,77.3,80400
"2014-03-18 09:38:05.210",NA,NA,77.3,82400
"2014-03-18 09:38:05.241",NA,NA,77.3,84400
"2014-03-18 09:38:06.142",NA,NA,77.3,105200
"2014-03-18 09:38:07.016",NA,NA,77.3,106800
"2014-03-18 09:38:07.234",NA,NA,77.3,106000
"2014-03-18 09:38:09.656",77.25,19200,NA,NA
"2014-03-18 09:38:10.104",NA,NA,77.3,94400
"2014-03-18 09:38:10.105",NA,NA,77.3,112400
"2014-03-18 09:38:11.845",NA,NA,77.3,91600
"2014-03-18 09:38:12.015",NA,NA,77.3,90800
"2014-03-18 09:38:12.714",NA,NA,77.3,89600
"2014-03-18 09:38:12.831",NA,NA,77.3,87200
"2014-03-18 09:38:12.838",NA,NA,77.3,92000
"2014-03-18 09:38:12.890",77.25,16800,NA,NA
"2014-03-18 09:38:13.000",NA,NA,77.3,86400
"2014-03-18 09:38:13.771",77.25,20800,NA,NA
"2014-03-18 09:38:15.807",NA,NA,77.3,84400
"2014-03-18 09:38:15.814",NA,NA,77.3,88400
"2014-03-18 09:38:17.271",NA,NA,77.3,86400
"2014-03-18 09:38:18.562",NA,NA,77.3,87600
"2014-03-18 09:38:19.862",77.25,36800,NA,NA
"2014-03-18 09:38:20.518",77.25,38800,NA,NA
"2014-03-18 09:38:20.756",77.25,22800,NA,NA
"2014-03-18 09:38:21.227",NA,NA,77.3,87200
"2014-03-18 09:38:22.241",NA,NA,77.3,89200
"2014-03-18 09:38:22.324",NA,NA,77.3,84400
"2014-03-18 09:38:22.331",NA,NA,77.3,91600
"2014-03-18 09:38:22.709",NA,NA,77.3,87600
"2014-03-18 09:38:22.809",77.25,17600,NA,NA
"2014-03-18 09:38:22.925",NA,NA,77.3,80800
"2014-03-18 09:38:22.956",77.25,15600,NA,NA
"2014-03-18 09:38:23.024",77.25,14000,NA,NA
"2014-03-18 09:38:23.026",77.25,7200,NA,NA
"2014-03-18 09:38:23.029",77.2,86000,NA,NA
"2014-03-18 09:38:31.278",NA,NA,77.3,80000
"2014-03-18 09:38:31.291",NA,NA,77.3,79200
"2014-03-18 09:38:31.326",NA,NA,77.3,78800
"2014-03-18 09:38:31.333",NA,NA,77.3,81600
"2014-03-18 09:38:32.905",NA,NA,77.3,83600
"2014-03-18 09:38:33.234",NA,NA,77.3,82800
"2014-03-18 09:38:33.498",NA,NA,77.3,86800
"2014-03-18 09:38:36.446",NA,NA,77.25,22000
"2014-03-18 09:38:36.461",NA,NA,77.25,22400
"2014-03-18 09:38:36.483",NA,NA,77.25,36800
"2014-03-18 09:38:36.503",NA,NA,77.25,46000
"2014-03-18 09:38:36.532",NA,NA,77.25,56800
"2014-03-18 09:38:36.534",77.2,70000,NA,NA
"2014-03-18 09:38:36.595",NA,NA,77.25,59200
"2014-03-18 09:38:36.679",NA,NA,77.25,64000
"2014-03-18 09:38:37.245",NA,NA,77.25,63600
"2014-03-18 09:38:38.016",NA,NA,77.25,66800
"2014-03-18 09:38:38.467",NA,NA,77.25,67600
"2014-03-18 09:38:39.878",NA,NA,77.25,66800
"2014-03-18 09:38:41.284",NA,NA,77.25,66400
"2014-03-18 09:38:43.135",77.2,70400,NA,NA
"2014-03-18 09:38:43.245",NA,NA,77.25,66000
"2014-03-18 09:38:43.438",77.2,70800,NA,NA
"2014-03-18 09:38:44.577",NA,NA,77.25,67200
"2014-03-18 09:38:45.521",NA,NA,77.25,69600
"2014-03-18 09:38:45.597",NA,NA,77.25,71600
"2014-03-18 09:38:46.039",NA,NA,77.25,74000
"2014-03-18 09:38:47.443",77.2,71200,NA,NA
"2014-03-18 09:38:47.535",NA,NA,77.25,73600
"2014-03-18 09:38:48.573",NA,NA,77.25,74400
"2014-03-18 09:38:49.797",NA,NA,77.25,70400
"2014-03-18 09:38:50.300",NA,NA,77.25,68400
"2014-03-18 09:38:50.301",NA,NA,77.25,66000
"2014-03-18 09:38:50.401",77.2,66000,NA,NA
"2014-03-18 09:38:50.560",77.2,62800,NA,NA
"2014-03-18 09:38:51.156",NA,NA,77.25,36000
"2014-03-18 09:38:51.317",NA,NA,77.25,35600
"2014-03-18 09:38:52.015",77.2,59600,NA,NA
"2014-03-18 09:38:52.017",NA,NA,77.25,34000
"2014-03-18 09:38:52.160",77.2,56000,NA,NA
"2014-03-18 09:38:52.382",NA,NA,77.25,56000
"2014-03-18 09:38:52.386",NA,NA,77.25,72000
"2014-03-18 09:38:53.014",NA,NA,77.25,74000
"2014-03-18 09:38:54.829",NA,NA,77.25,71600
"2014-03-18 09:38:54.836",NA,NA,77.25,76400
"2014-03-18 09:38:55.636",NA,NA,77.25,71600
"2014-03-18 09:38:55.637",NA,NA,77.25,69600
"2014-03-18 09:38:55.739",77.2,49200,NA,NA
"2014-03-18 09:38:55.919",77.2,48400,NA,NA
"2014-03-18 09:38:57.595",77.2,46800,NA,NA
"2014-03-18 09:38:58.044",77.2,48000,NA,NA
"2014-03-18 09:38:58.442",NA,NA,77.25,69200
"2014-03-18 09:38:58.544",NA,NA,77.25,71600
"2014-03-18 09:38:59.838",NA,NA,77.25,71200
"2014-03-18 09:38:59.968",NA,NA,77.25,70400
"2014-03-18 09:39:00.031",NA,NA,77.25,72400
"2014-03-18 09:39:00.630",NA,NA,77.25,74400
"2014-03-18 09:39:03.529",NA,NA,77.25,74000
"2014-03-18 09:39:06.117",77.2,48400,NA,NA
"2014-03-18 09:39:06.425",77.2,48800,NA,NA
"2014-03-18 09:39:06.910",NA,NA,77.25,76000
"2014-03-18 09:39:07.409",NA,NA,77.25,78400
"2014-03-18 09:39:07.504",NA,NA,77.25,82000
"2014-03-18 09:39:08.447",NA,NA,77.25,84400
"2014-03-18 09:39:09.846",77.2,49200,NA,NA
"2014-03-18 09:39:10.644",NA,NA,77.25,84800
"2014-03-18 09:39:10.654",NA,NA,77.25,83600
"2014-03-18 09:39:11.185",NA,NA,77.25,83200
"2014-03-18 09:39:11.658",77.2,50000,NA,NA
"2014-03-18 09:39:12.376",NA,NA,77.25,73200
"2014-03-18 09:39:13.020",77.2,48400,NA,NA
"2014-03-18 09:39:13.174",77.2,46800,NA,NA
"2014-03-18 09:39:13.575",77.2,44400,NA,NA
"2014-03-18 09:39:19.719",NA,NA,77.25,75200
"2014-03-18 09:39:19.842",77.2,45200,NA,NA
"2014-03-18 09:39:24.322",NA,NA,77.25,72800
"2014-03-18 09:39:24.328",NA,NA,77.25,77600
"2014-03-18 09:39:24.862",NA,NA,77.25,76800
"2014-03-18 09:39:25.370",NA,NA,77.25,76000
"2014-03-18 09:39:25.861",77.2,45600,NA,NA
"2014-03-18 09:39:32.067",77.2,46000,NA,NA
"2014-03-18 09:39:33.091",NA,NA,77.25,75600
"2014-03-18 09:39:34.347",NA,NA,77.25,75200
"2014-03-18 09:39:35.578",NA,NA,77.25,74800
"2014-03-18 09:39:36.066",77.2,45200,NA,NA
"2014-03-18 09:39:36.227",77.2,44800,NA,NA
"2014-03-18 09:39:39.098",NA,NA,77.25,72800
"2014-03-18 09:39:39.105",NA,NA,77.25,76800
"2014-03-18 09:39:39.135",NA,NA,77.25,76400
"2014-03-18 09:39:40.895",NA,NA,77.25,78800
"2014-03-18 09:39:43.074",NA,NA,77.25,62800
"2014-03-18 09:39:43.098",NA,NA,77.25,62000
"2014-03-18 09:39:48.355",NA,NA,77.25,42000
"2014-03-18 09:39:48.372",NA,NA,77.25,41200
"2014-03-18 09:39:49.015",NA,NA,77.25,42800
"2014-03-18 09:39:49.273",NA,NA,77.25,46800
"2014-03-18 09:39:49.634",NA,NA,77.25,48000
"2014-03-18 09:39:52.470",77.2,45200,NA,NA
"2014-03-18 09:39:52.906",77.2,43200,NA,NA
"2014-03-18 09:39:52.906",NA,NA,77.25,46000
"2014-03-18 09:39:52.908",NA,NA,77.25,55200
"2014-03-18 09:39:53.008",77.2,43600,NA,NA
"2014-03-18 09:39:56.346",77.2,41600,NA,NA
"2014-03-18 09:39:57.710",NA,NA,77.25,51200
"2014-03-18 09:39:57.717",NA,NA,77.25,57200
"2014-03-18 09:39:57.737",NA,NA,77.25,54800
"2014-03-18 09:39:57.744",NA,NA,77.25,59600
"2014-03-18 09:39:57.762",NA,NA,77.25,75600
"2014-03-18 09:39:58.036",NA,NA,77.25,77600
"2014-03-18 09:40:01.191",77.2,42000,NA,NA
"2014-03-18 09:40:02.623",NA,NA,77.25,82000
"2014-03-18 09:40:03.284",NA,NA,77.25,80800
"2014-03-18 09:40:03.285",77.2,58000,NA,NA
"2014-03-18 09:40:05.882",77.2,58400,NA,NA
"2014-03-18 09:40:07.723",NA,NA,77.25,80000
"2014-03-18 09:40:12.134",NA,NA,77.25,78800
"2014-03-18 09:40:13.227",NA,NA,77.25,74000
"2014-03-18 09:40:13.234",NA,NA,77.25,81200
"2014-03-18 09:40:15.354",77.2,60400,NA,NA
"2014-03-18 09:40:15.421",NA,NA,77.25,75200
"2014-03-18 09:40:15.429",NA,NA,77.25,83200
"2014-03-18 09:40:15.492",77.2,60000,NA,NA
"2014-03-18 09:40:16.487",77.2,60400,NA,NA
"2014-03-18 09:40:18.890",NA,NA,77.25,82800
"2014-03-18 09:40:20.489",NA,NA,77.25,82000
"2014-03-18 09:40:20.935",NA,NA,77.25,78800
"2014-03-18 09:40:21.049",NA,NA,77.25,69600
"2014-03-18 09:40:21.051",NA,NA,77.25,86400
"2014-03-18 09:40:21.135",NA,NA,77.25,86000
"2014-03-18 09:40:21.805",NA,NA,77.25,69200
"2014-03-18 09:40:21.806",NA,NA,77.25,86400
"2014-03-18 09:40:27.255",NA,NA,77.25,85200
"2014-03-18 09:40:28.649",NA,NA,77.25,68000
"2014-03-18 09:40:28.650",NA,NA,77.25,86400
"2014-03-18 09:40:28.659",NA,NA,77.25,87200
"2014-03-18 09:40:28.667",NA,NA,77.25,86400
"2014-03-18 09:40:28.722",NA,NA,77.25,79200
"2014-03-18 09:40:28.729",NA,NA,77.25,88800
"2014-03-18 09:40:29.449",NA,NA,77.25,91600
"2014-03-18 09:40:33.400",NA,NA,77.25,83600
"2014-03-18 09:40:33.407",NA,NA,77.25,93600
"2014-03-18 09:40:33.899",NA,NA,77.25,88400
"2014-03-18 09:40:34.001",77.2,55200,NA,NA
"2014-03-18 09:40:34.399",NA,NA,77.25,87600
"2014-03-18 09:40:35.181",77.2,56000,NA,NA
"2014-03-18 09:40:35.406",NA,NA,77.25,87200
"2014-03-18 09:40:37.338",77.2,46000,NA,NA
"2014-03-18 09:40:37.496",77.2,45600,NA,NA
"2014-03-18 09:40:38.031",NA,NA,77.25,81600
"2014-03-18 09:40:38.132",77.2,38800,NA,NA
"2014-03-18 09:40:38.134",NA,NA,77.25,81200
"2014-03-18 09:40:39.016",77.2,37200,NA,NA
"2014-03-18 09:40:39.124",NA,NA,77.25,83200
"2014-03-18 09:40:39.150",77.2,36400,NA,NA
"2014-03-18 09:40:46.088",77.2,38400,NA,NA
"2014-03-18 09:40:49.027",NA,NA,77.25,85200
"2014-03-18 09:40:50.433",77.2,40800,NA,NA
"2014-03-18 09:40:50.459",NA,NA,77.25,87200
"2014-03-18 09:40:50.532",77.2,42400,NA,NA
"2014-03-18 09:40:50.654",77.2,46400,NA,NA
"2014-03-18 09:40:50.708",77.2,47200,NA,NA
"2014-03-18 09:40:50.907",NA,NA,77.25,82400
"2014-03-18 09:40:50.914",NA,NA,77.25,89200
"2014-03-18 09:40:52.108",77.2,47600,NA,NA
"2014-03-18 09:40:52.217",NA,NA,77.25,85200
"2014-03-18 09:40:52.224",NA,NA,77.25,91600
"2014-03-18 09:40:52.731",NA,NA,77.25,75600
"2014-03-18 09:40:55.243",77.2,15600,NA,NA
"2014-03-18 09:40:55.245",NA,NA,77.25,91600
"2014-03-18 09:40:55.251",77.2,13600,NA,NA
"2014-03-18 09:40:55.280",77.15,41200,77.2,2000
"2014-03-18 09:40:55.282",NA,NA,77.2,24000
"2014-03-18 09:40:55.314",NA,NA,77.2,26000
"2014-03-18 09:40:55.315",NA,NA,77.2,35200
"2014-03-18 09:40:55.335",NA,NA,77.2,46800
"2014-03-18 09:40:56.172",NA,NA,77.2,50800
"2014-03-18 09:40:56.323",NA,NA,77.2,48800
"2014-03-18 09:40:56.340",NA,NA,77.2,50800
"2014-03-18 09:40:56.909",NA,NA,77.2,51200
"2014-03-18 09:40:57.014",77.15,38800,NA,NA
"2014-03-18 09:40:57.036",77.15,38400,NA,NA
"2014-03-18 09:40:57.306",NA,NA,77.2,52000
"2014-03-18 09:40:58.015",NA,NA,77.2,54800
"2014-03-18 09:40:59.010",NA,NA,77.2,53600
"2014-03-18 09:40:59.716",NA,NA,77.2,52800
"2014-03-18 09:41:03.908",77.15,36000,NA,NA
"2014-03-18 09:41:07.676",NA,NA,77.2,54000
"2014-03-18 09:41:07.733",77.2,11200,77.25,58800
"2014-03-18 09:41:07.747",77.15,36000,NA,NA
"2014-03-18 09:41:09.056",NA,NA,77.2,16400
"2014-03-18 09:41:09.057",NA,NA,77.2,38400
"2014-03-18 09:41:09.243",NA,NA,77.2,41200
"2014-03-18 09:41:09.757",NA,NA,77.2,42400
"2014-03-18 09:41:10.619",NA,NA,77.2,44800
"2014-03-18 09:41:12.516",NA,NA,77.2,46800
"2014-03-18 09:41:14.914",NA,NA,77.2,46400
"2014-03-18 09:41:15.803",NA,NA,77.2,46000
"2014-03-18 09:41:16.348",77.15,52000,NA,NA
"2014-03-18 09:41:17.653",NA,NA,77.25,56000
"2014-03-18 09:41:17.655",NA,NA,77.25,37600
"2014-03-18 09:41:17.655",NA,NA,77.25,35600
"2014-03-18 09:41:17.941",77.2,800,NA,NA
"2014-03-18 09:41:18.827",NA,NA,77.25,39200
"2014-03-18 09:41:19.206",77.2,2400,NA,NA
"2014-03-18 09:41:26.097",NA,NA,77.25,39600
"2014-03-18 09:41:26.582",77.2,3600,NA,NA
"2014-03-18 09:41:26.871",77.2,4800,NA,NA
"2014-03-18 09:41:27.001",NA,NA,77.25,42000
"2014-03-18 09:41:27.221",77.2,5200,NA,NA
"2014-03-18 09:41:29.369",77.2,4400,NA,NA
"2014-03-18 09:41:29.884",77.2,10400,NA,NA
"2014-03-18 09:41:30.996",NA,NA,77.25,44000
"2014-03-18 09:41:34.017",77.2,15600,NA,NA
"2014-03-18 09:41:34.434",77.2,18000,NA,NA
"2014-03-18 09:41:35.789",NA,NA,77.25,43600
"2014-03-18 09:41:37.484",77.2,20000,NA,NA
"2014-03-18 09:41:41.160",NA,NA,77.25,44000
"2014-03-18 09:41:41.693",NA,NA,77.25,43600
"2014-03-18 09:41:43.039",NA,NA,77.25,42800
"2014-03-18 09:41:43.066",NA,NA,77.25,45200
"2014-03-18 09:41:44.345",NA,NA,77.25,55200
"2014-03-18 09:41:45.093",77.2,28000,NA,NA
"2014-03-18 09:41:45.585",NA,NA,77.25,57200
"2014-03-18 09:41:46.707",NA,NA,77.25,58400
"2014-03-18 09:41:49.297",NA,NA,77.25,60400
"2014-03-18 09:41:53.102",NA,NA,77.25,59600
"2014-03-18 09:41:55.590",NA,NA,77.25,49600
"2014-03-18 09:41:55.666",77.2,28400,NA,NA
"2014-03-18 09:41:56.284",NA,NA,77.25,49200
"2014-03-18 09:41:56.361",NA,NA,77.25,55600
"2014-03-18 09:41:56.507",NA,NA,77.25,55200
"2014-03-18 09:41:59.247",NA,NA,77.25,57600
"2014-03-18 09:42:03.711",NA,NA,77.25,59600
"2014-03-18 09:42:04.042",77.2,32400,NA,NA
"2014-03-18 09:42:05.677",NA,NA,77.25,58800
"2014-03-18 09:42:07.906",NA,NA,77.25,56400
"2014-03-18 09:42:07.913",NA,NA,77.25,61200
"2014-03-18 09:42:13.243",NA,NA,77.25,60800
"2014-03-18 09:42:13.308",NA,NA,77.25,58800
"2014-03-18 09:42:13.315",NA,NA,77.25,62800
"2014-03-18 09:42:15.437",NA,NA,77.25,61600
"2014-03-18 09:42:15.539",77.2,33200,NA,NA
"2014-03-18 09:42:16.050",NA,NA,77.25,56800
"2014-03-18 09:42:16.057",NA,NA,77.25,64000
"2014-03-18 09:42:18.957",77.2,36800,NA,NA
"2014-03-18 09:42:19.457",77.2,37200,NA,NA
"2014-03-18 09:42:22.210",NA,NA,77.25,60000
"2014-03-18 09:42:22.217",NA,NA,77.25,66000
"2014-03-18 09:42:23.966",NA,NA,77.25,58800
"2014-03-18 09:42:23.973",NA,NA,77.25,68400
"2014-03-18 09:42:26.299",77.2,38000,NA,NA
"2014-03-18 09:42:28.606",NA,NA,77.25,62800
"2014-03-18 09:42:28.711",77.2,31200,NA,NA
"2014-03-18 09:42:29.037",NA,NA,77.25,84800
"2014-03-18 09:42:31.393",NA,NA,77.25,78800
"2014-03-18 09:42:31.400",NA,NA,77.25,86800
"2014-03-18 09:42:31.693",NA,NA,77.25,81600
"2014-03-18 09:42:31.796",77.2,26000,NA,NA
"2014-03-18 09:42:33.018",77.2,26800,NA,NA
"2014-03-18 09:42:33.462",77.2,28800,NA,NA
"2014-03-18 09:42:35.948",NA,NA,77.25,77600
"2014-03-18 09:42:35.955",NA,NA,77.25,84000
"2014-03-18 09:42:36.626",NA,NA,77.25,84800
"2014-03-18 09:42:37.251",NA,NA,77.25,86800
"2014-03-18 09:42:38.755",NA,NA,77.25,87600
"2014-03-18 09:42:39.241",NA,NA,77.25,90000
"2014-03-18 09:42:40.199",NA,NA,77.25,89600
"2014-03-18 09:42:40.387",NA,NA,77.25,86800
"2014-03-18 09:42:40.393",NA,NA,77.25,91600
"2014-03-18 09:42:40.713",77.2,30800,NA,NA
"2014-03-18 09:42:42.008",NA,NA,77.25,91200
"2014-03-18 09:42:42.350",NA,NA,77.25,111200
"2014-03-18 09:42:42.975",77.2,31600,NA,NA
"2014-03-18 09:42:43.321",77.2,32400,NA,NA
"2014-03-18 09:42:43.457",NA,NA,77.25,109200
"2014-03-18 09:42:44.052",NA,NA,77.25,102800
"2014-03-18 09:42:44.059",NA,NA,77.25,111600
"2014-03-18 09:42:46.720",77.2,12400,NA,NA
"2014-03-18 09:42:46.735",77.15,144800,NA,NA
"2014-03-18 09:42:46.741",NA,NA,77.2,22000
"2014-03-18 09:42:46.777",NA,NA,77.2,26400
"2014-03-18 09:42:46.782",NA,NA,77.2,40800
"2014-03-18 09:42:46.797",NA,NA,77.2,50800
"2014-03-18 09:42:46.846",NA,NA,77.2,50400
"2014-03-18 09:42:48.478",NA,NA,77.2,50000
"2014-03-18 09:42:48.659",NA,NA,77.2,56400
"2014-03-18 09:42:48.764",NA,NA,77.2,57200
"2014-03-18 09:42:49.029",NA,NA,77.2,58000
"2014-03-18 09:42:50.076",NA,NA,77.2,57600
"2014-03-18 09:42:51.507",NA,NA,77.2,52000
"2014-03-18 09:42:51.612",77.15,138000,NA,NA
"2014-03-18 09:42:51.762",NA,NA,77.2,53200
"2014-03-18 09:42:54.047",NA,NA,77.2,74400
"2014-03-18 09:42:54.339",NA,NA,77.2,82400
"2014-03-18 09:42:55.301",NA,NA,77.2,84400
"2014-03-18 09:42:55.501",NA,NA,77.2,82400
"2014-03-18 09:42:55.502",NA,NA,77.2,79200
"2014-03-18 09:42:55.607",77.15,132800,NA,NA
"2014-03-18 09:42:56.118",NA,NA,77.2,76800
"2014-03-18 09:42:56.639",NA,NA,77.2,80400
"2014-03-18 09:42:57.164",NA,NA,77.2,79600
"2014-03-18 09:42:58.749",NA,NA,77.2,82000
"2014-03-18 09:42:59.333",NA,NA,77.2,82400
"2014-03-18 09:43:00.053",NA,NA,77.2,84800
"2014-03-18 09:43:00.185",NA,NA,77.2,84400
"2014-03-18 09:43:00.292",NA,NA,77.2,83600
"2014-03-18 09:43:03.781",NA,NA,77.2,82800
"2014-03-18 09:43:04.030",NA,NA,77.2,88800
"2014-03-18 09:43:04.330",NA,NA,77.2,89200
"2014-03-18 09:43:04.437",NA,NA,77.2,85200
"2014-03-18 09:43:04.439",NA,NA,77.2,95600
"2014-03-18 09:43:05.497",NA,NA,77.2,94000
"2014-03-18 09:43:07.076",NA,NA,77.2,94800
"2014-03-18 09:43:09.370",NA,NA,77.2,94400
"2014-03-18 09:43:12.211",NA,NA,77.2,96400
"2014-03-18 09:43:15.371",NA,NA,77.2,95600
"2014-03-18 09:43:17.610",NA,NA,77.2,85200
"2014-03-18 09:43:17.612",NA,NA,77.2,98400
"2014-03-18 09:43:19.636",NA,NA,77.2,96000
"2014-03-18 09:43:19.644",NA,NA,77.2,100800
"2014-03-18 09:43:21.374",NA,NA,77.2,100400
"2014-03-18 09:43:21.956",NA,NA,77.2,1e+05
"2014-03-18 09:43:23.286",NA,NA,77.2,92000
"2014-03-18 09:43:24.843",77.15,134800,NA,NA
"2014-03-18 09:43:26.319",NA,NA,77.2,90000
"2014-03-18 09:43:28.329",NA,NA,77.2,86000
"2014-03-18 09:43:30.789",77.15,133200,NA,NA
"2014-03-18 09:43:32.460",NA,NA,77.2,85600
"2014-03-18 09:43:33.551",NA,NA,77.2,79600
"2014-03-18 09:43:35.636",NA,NA,77.2,80000
"2014-03-18 09:43:38.048",NA,NA,77.2,78000
"2014-03-18 09:43:38.055",NA,NA,77.2,82000
"2014-03-18 09:43:39.030",NA,NA,77.2,81600
"2014-03-18 09:43:39.624",NA,NA,77.2,81200
"2014-03-18 09:43:40.653",NA,NA,77.2,80800
"2014-03-18 09:43:42.439",NA,NA,77.2,76000
"2014-03-18 09:43:42.445",NA,NA,77.2,83200
"2014-03-18 09:43:42.583",NA,NA,77.2,82800
"2014-03-18 09:43:48.227",NA,NA,77.2,83200
"2014-03-18 09:43:54.866",NA,NA,77.2,79200
"2014-03-18 09:43:54.969",77.15,128000,NA,NA
"2014-03-18 09:43:54.972",NA,NA,77.2,95200
"2014-03-18 09:43:55.592",NA,NA,77.2,94400
"2014-03-18 09:43:56.966",NA,NA,77.2,94000
"2014-03-18 09:44:01.191",NA,NA,77.2,94400
"2014-03-18 09:44:04.590",NA,NA,77.2,94000
"2014-03-18 09:44:04.647",NA,NA,77.2,96400
"2014-03-18 09:44:05.679",NA,NA,77.2,92400
"2014-03-18 09:44:07.460",77.15,132000,NA,NA
"2014-03-18 09:44:07.645",NA,NA,77.2,94400
"2014-03-18 09:44:07.973",77.15,130400,NA,NA
"2014-03-18 09:44:07.976",77.15,124400,NA,NA
"2014-03-18 09:44:08.023",NA,NA,77.2,94000
"2014-03-18 09:44:09.289",NA,NA,77.2,93600
"2014-03-18 09:44:12.369",NA,NA,77.2,92800
"2014-03-18 09:44:14.357",NA,NA,77.2,86800
"2014-03-18 09:44:14.491",NA,NA,77.2,88800
"2014-03-18 09:44:15.019",NA,NA,77.2,88000
"2014-03-18 09:44:17.413",NA,NA,77.2,90000
"2014-03-18 09:44:17.811",NA,NA,77.2,88800
"2014-03-18 09:44:19.977",NA,NA,77.2,88400
"2014-03-18 09:44:21.761",NA,NA,77.2,84400
"2014-03-18 09:44:21.833",NA,NA,77.2,78400
"2014-03-18 09:44:21.833",NA,NA,77.2,92000
"2014-03-18 09:44:22.818",NA,NA,77.2,93200
"2014-03-18 09:44:24.647",NA,NA,77.2,90800
"2014-03-18 09:44:24.653",NA,NA,77.2,95600
"2014-03-18 09:44:24.725",77.15,124800,NA,NA
"2014-03-18 09:44:24.771",77.15,121600,NA,NA
"2014-03-18 09:44:26.813",NA,NA,77.2,96000
"2014-03-18 09:44:26.814",NA,NA,77.2,97600
"2014-03-18 09:44:26.836",77.15,113200,NA,NA
"2014-03-18 09:44:26.838",77.15,101600,NA,NA
"2014-03-18 09:44:26.859",77.15,98800,NA,NA
"2014-03-18 09:44:26.860",77.15,96400,NA,NA
"2014-03-18 09:44:26.863",77.15,92000,NA,NA
"2014-03-18 09:44:26.867",77.15,78800,NA,NA
"2014-03-18 09:44:26.869",77.15,66000,NA,NA
"2014-03-18 09:44:26.893",NA,NA,77.2,101600
"2014-03-18 09:44:26.967",NA,NA,77.2,122800
"2014-03-18 09:44:27.275",77.15,15600,NA,NA
"2014-03-18 09:44:27.277",77.15,2800,NA,NA
"2014-03-18 09:44:27.278",77.1,143600,NA,NA
"2014-03-18 09:44:27.580",NA,NA,77.2,123200
"2014-03-18 09:44:27.716",NA,NA,77.2,122800
"2014-03-18 09:44:28.664",NA,NA,77.15,22000
"2014-03-18 09:44:28.709",NA,NA,77.15,24800
"2014-03-18 09:44:28.710",NA,NA,77.15,33200
"2014-03-18 09:44:28.755",NA,NA,77.15,45600
"2014-03-18 09:44:28.884",NA,NA,77.15,47600
"2014-03-18 09:44:29.314",NA,NA,77.15,48800
"2014-03-18 09:44:30.307",NA,NA,77.15,49200
"2014-03-18 09:44:31.453",NA,NA,77.15,49600
"2014-03-18 09:44:33.100",NA,NA,77.15,50400
"2014-03-18 09:44:33.906",NA,NA,77.15,49200
"2014-03-18 09:44:35.441",NA,NA,77.15,43200
"2014-03-18 09:44:35.892",NA,NA,77.15,37200
"2014-03-18 09:44:37.886",77.1,143200,NA,NA
"2014-03-18 09:44:37.889",NA,NA,77.15,53200
"2014-03-18 09:44:38.423",NA,NA,77.15,59200
"2014-03-18 09:44:38.855",NA,NA,77.15,53200
"2014-03-18 09:44:42.691",NA,NA,77.15,55200
"2014-03-18 09:44:43.228",NA,NA,77.15,54800
"2014-03-18 09:44:43.826",NA,NA,77.15,53200
"2014-03-18 09:44:43.829",NA,NA,77.15,62400
"2014-03-18 09:44:45.518",NA,NA,77.15,68400
"2014-03-18 09:44:47.367",NA,NA,77.15,67600
"2014-03-18 09:44:47.594",NA,NA,77.15,68400
"2014-03-18 09:44:48.148",NA,NA,77.15,70800
"2014-03-18 09:44:49.102",NA,NA,77.15,72800
"2014-03-18 09:44:52.243",77.1,139200,NA,NA
"2014-03-18 09:44:52.243",NA,NA,77.15,68800
"2014-03-18 09:44:53.699",NA,NA,77.15,68000
"2014-03-18 09:44:54.237",NA,NA,77.15,105600
"2014-03-18 09:44:54.796",NA,NA,77.15,107600
"2014-03-18 09:44:56.009",NA,NA,77.15,107200
"2014-03-18 09:44:56.352",NA,NA,77.15,104800
"2014-03-18 09:44:56.353",NA,NA,77.15,101200
"2014-03-18 09:44:56.446",77.1,132400,NA,NA
"2014-03-18 09:44:56.449",NA,NA,77.15,123200
"2014-03-18 09:44:56.847",NA,NA,77.15,122800
"2014-03-18 09:44:57.420",NA,NA,77.15,122400
"2014-03-18 09:44:57.420",77.1,132000,NA,NA
"2014-03-18 09:44:57.680",NA,NA,77.15,120800
"2014-03-18 09:44:59.837",NA,NA,77.15,98800
"2014-03-18 09:45:01.058",NA,NA,77.15,96800
"2014-03-18 09:45:01.061",NA,NA,77.15,87600
"2014-03-18 09:45:01.062",NA,NA,77.15,106800
"2014-03-18 09:45:01.845",NA,NA,77.15,108000
"2014-03-18 09:45:05.866",NA,NA,77.15,125600
"2014-03-18 09:45:09.007",NA,NA,77.15,123600
"2014-03-18 09:45:09.013",NA,NA,77.15,127600
"2014-03-18 09:45:10.279",NA,NA,77.15,121600
"2014-03-18 09:45:10.282",NA,NA,77.15,119600
"2014-03-18 09:45:11.745",NA,NA,77.15,122000
"2014-03-18 09:45:14.385",NA,NA,77.15,114000
"2014-03-18 09:45:14.778",77.1,129200,NA,NA
"2014-03-18 09:45:14.934",77.1,119600,NA,NA
"2014-03-18 09:45:17.166",77.1,119200,NA,NA
"2014-03-18 09:45:21.022",NA,NA,77.15,113200
"2014-03-18 09:45:21.656",77.1,118000,NA,NA
"2014-03-18 09:45:23.962",NA,NA,77.15,99200
"2014-03-18 09:45:24.151",NA,NA,77.15,100400
"2014-03-18 09:45:24.276",NA,NA,77.15,108000
"2014-03-18 09:45:24.277",NA,NA,77.15,121200
"2014-03-18 09:45:26.295",77.1,117600,NA,NA
"2014-03-18 09:45:27.008",NA,NA,77.15,123200
"2014-03-18 09:45:27.291",NA,NA,77.15,122800
"2014-03-18 09:45:27.355",NA,NA,77.15,125200
"2014-03-18 09:45:27.814",77.1,119600,NA,NA
"2014-03-18 09:45:29.238",NA,NA,77.15,124400
"2014-03-18 09:45:29.259",NA,NA,77.15,126800
"2014-03-18 09:45:30.138",77.1,99600,NA,NA
"2014-03-18 09:45:30.287",77.1,95600,NA,NA
"2014-03-18 09:45:34.001",NA,NA,77.15,126400
"2014-03-18 09:45:34.245",77.1,95200,NA,NA
"2014-03-18 09:45:34.382",77.1,94800,NA,NA
"2014-03-18 09:45:34.544",NA,NA,77.15,129600
"2014-03-18 09:45:36.572",NA,NA,77.15,128800
"2014-03-18 09:45:36.732",NA,NA,77.15,118800
"2014-03-18 09:45:37.348",NA,NA,77.15,121600
"2014-03-18 09:45:37.427",77.1,96800,NA,NA
"2014-03-18 09:45:37.577",NA,NA,77.15,119600
"2014-03-18 09:45:37.577",NA,NA,77.15,135600
"2014-03-18 09:45:38.341",77.1,98800,NA,NA
"2014-03-18 09:45:39.714",77.1,96800,NA,NA
"2014-03-18 09:45:41.004",NA,NA,77.15,139200
"2014-03-18 09:45:41.318",NA,NA,77.15,138400
"2014-03-18 09:45:42.849",77.1,97200,NA,NA
"2014-03-18 09:45:43.249",NA,NA,77.15,136000
"2014-03-18 09:45:43.256",NA,NA,77.15,140800
"2014-03-18 09:45:43.839",77.1,98400,NA,NA
"2014-03-18 09:45:45.400",NA,NA,77.15,138800
"2014-03-18 09:45:45.407",NA,NA,77.15,142800
"2014-03-18 09:45:49.189",NA,NA,77.15,138800
"2014-03-18 09:45:50.247",77.1,99200,NA,NA
"2014-03-18 09:45:51.578",NA,NA,77.15,139200
"2014-03-18 09:45:52.441",77.1,1e+05,NA,NA
"2014-03-18 09:45:53.186",NA,NA,77.15,138400
"2014-03-18 09:45:53.673",77.1,101200,NA,NA
"2014-03-18 09:45:53.884",NA,NA,77.15,139600
"2014-03-18 09:45:55.060",77.1,101600,NA,NA
"2014-03-18 09:45:57.844",77.1,102000,NA,NA
"2014-03-18 09:45:58.206",NA,NA,77.15,139200
"2014-03-18 09:45:58.255",NA,NA,77.15,138800
"2014-03-18 09:45:58.902",NA,NA,77.15,138000
"2014-03-18 09:45:59.051",NA,NA,77.15,133200
"2014-03-18 09:45:59.057",NA,NA,77.15,140400
"2014-03-18 09:45:59.895",NA,NA,77.15,140000
"2014-03-18 09:46:00.415",77.1,112000,NA,NA
"2014-03-18 09:46:05.209",NA,NA,77.15,136000
"2014-03-18 09:46:05.216",NA,NA,77.15,142000
"2014-03-18 09:46:05.353",77.1,112400,NA,NA
"2014-03-18 09:46:05.451",77.1,112800,NA,NA
"2014-03-18 09:46:09.252",NA,NA,77.15,141200
"2014-03-18 09:46:14.051",NA,NA,77.15,140800
"2014-03-18 09:46:18.257",77.1,111600,NA,NA
"2014-03-18 09:46:18.257",NA,NA,77.15,139600
"2014-03-18 09:46:21.668",NA,NA,77.15,139200
"2014-03-18 09:46:23.747",NA,NA,77.15,132000
"2014-03-18 09:46:23.754",NA,NA,77.15,141600
"2014-03-18 09:46:24.671",NA,NA,77.15,140800
"2014-03-18 09:46:28.501",77.1,121600,NA,NA
"2014-03-18 09:46:30.688",NA,NA,77.15,140000
"2014-03-18 09:46:30.695",NA,NA,77.15,139600
"2014-03-18 09:46:31.668",77.1,122800,NA,NA
"2014-03-18 09:46:32.854",77.1,123200,NA,NA
"2014-03-18 09:46:32.911",77.1,122000,NA,NA
"2014-03-18 09:46:33.046",77.1,119600,NA,NA
"2014-03-18 09:46:34.097",NA,NA,77.15,133600
"2014-03-18 09:46:34.104",NA,NA,77.15,141600
"2014-03-18 09:46:35.097",NA,NA,77.15,136400
"2014-03-18 09:46:35.201",77.1,114400,NA,NA
"2014-03-18 09:46:35.363",77.1,113600,NA,NA
"2014-03-18 09:46:37.311",NA,NA,77.15,135600
"2014-03-18 09:46:42.377",NA,NA,77.15,134800
"2014-03-18 09:46:45.153",NA,NA,77.15,133600
"2014-03-18 09:46:45.668",77.1,123600,NA,NA
"2014-03-18 09:46:45.778",NA,NA,77.15,139600
"2014-03-18 09:46:47.680",NA,NA,77.15,137600
"2014-03-18 09:46:48.685",NA,NA,77.15,136400
"2014-03-18 09:46:49.245",NA,NA,77.15,126800
"2014-03-18 09:46:49.252",NA,NA,77.15,138800
"2014-03-18 09:46:49.697",NA,NA,77.15,138000
"2014-03-18 09:46:51.353",NA,NA,77.15,136800
"2014-03-18 09:46:52.895",NA,NA,77.15,135600
"2014-03-18 09:46:55.876",NA,NA,77.15,135200
"2014-03-18 09:47:01.307",NA,NA,77.15,132400
"2014-03-18 09:47:01.313",NA,NA,77.15,137200
"2014-03-18 09:47:01.882",77.1,122800,NA,NA
"2014-03-18 09:47:02.051",NA,NA,77.15,131600
"2014-03-18 09:47:02.069",77.1,121600,NA,NA
"2014-03-18 09:47:02.153",77.1,114800,NA,NA
"2014-03-18 09:47:02.298",77.1,114000,NA,NA
"2014-03-18 09:47:04.462",NA,NA,77.15,130800
"2014-03-18 09:47:06.860",77.1,114800,NA,NA
"2014-03-18 09:47:07.489",NA,NA,77.15,130400
"2014-03-18 09:47:09.787",77.1,92800,NA,NA
"2014-03-18 09:47:09.943",77.1,90400,NA,NA
"2014-03-18 09:47:10.135",77.1,89200,NA,NA
"2014-03-18 09:47:12.370",NA,NA,77.15,130000
"2014-03-18 09:47:12.400",77.1,89600,NA,NA
"2014-03-18 09:47:12.947",NA,NA,77.15,123600
"2014-03-18 09:47:12.953",NA,NA,77.15,132400
"2014-03-18 09:47:13.815",77.1,90000,NA,NA
"2014-03-18 09:47:15.208",NA,NA,77.15,127600
"2014-03-18 09:47:15.214",NA,NA,77.15,134400
"2014-03-18 09:47:15.704",NA,NA,77.15,134000
"2014-03-18 09:47:20.829",NA,NA,77.15,124000
"2014-03-18 09:47:23.710",NA,NA,77.15,120000
"2014-03-18 09:47:23.807",77.1,84800,NA,NA
"2014-03-18 09:47:23.968",77.1,82800,NA,NA
"2014-03-18 09:47:24.089",NA,NA,77.15,119600
"2014-03-18 09:47:24.947",77.1,81600,NA,NA
"2014-03-18 09:47:25.052",NA,NA,77.15,110800
"2014-03-18 09:47:25.058",NA,NA,77.15,122000
"2014-03-18 09:47:25.767",77.1,82000,NA,NA
"2014-03-18 09:47:27.220",77.1,80000,NA,NA
"2014-03-18 09:47:27.363",77.1,79600,NA,NA
"2014-03-18 09:47:30.278",77.1,80000,NA,NA
"2014-03-18 09:47:31.966",NA,NA,77.15,120000
"2014-03-18 09:47:32.826",77.1,76000,NA,NA
"2014-03-18 09:47:32.829",NA,NA,77.15,142800
"2014-03-18 09:47:32.972",77.1,75200,NA,NA
"2014-03-18 09:47:34.622",NA,NA,77.15,142400
"2014-03-18 09:47:35.102",NA,NA,77.15,141600
"2014-03-18 09:47:35.945",NA,NA,77.15,140800
"2014-03-18 09:47:36.246",NA,NA,77.15,136000
"2014-03-18 09:47:36.348",77.1,68400,NA,NA
"2014-03-18 09:47:36.490",77.1,67600,NA,NA
"2014-03-18 09:47:36.995",NA,NA,77.15,133200
"2014-03-18 09:47:37.002",NA,NA,77.15,138000
"2014-03-18 09:47:41.292",NA,NA,77.15,115200
"2014-03-18 09:47:41.465",NA,NA,77.15,112800
"2014-03-18 09:47:41.527",NA,NA,77.15,124800
"2014-03-18 09:47:43.571",77.1,65200,NA,NA
"2014-03-18 09:47:43.727",77.1,64800,NA,NA
"2014-03-18 09:47:44.042",77.1,42800,NA,NA
"2014-03-18 09:47:44.062",77.1,36800,NA,NA
"2014-03-18 09:47:44.069",77.1,23600,NA,NA
"2014-03-18 09:47:44.206",77.1,20800,NA,NA
"2014-03-18 09:47:44.219",77.05,168800,NA,NA
"2014-03-18 09:47:44.220",NA,NA,77.15,123600
"2014-03-18 09:47:44.221",NA,NA,77.1,20800
"2014-03-18 09:47:44.221",77.05,169200,NA,NA
"2014-03-18 09:47:44.221",NA,NA,77.1,22000
"2014-03-18 09:47:44.257",NA,NA,77.1,32400
"2014-03-18 09:47:44.302",NA,NA,77.1,41200
"2014-03-18 09:47:44.361",77.05,166400,NA,NA
"2014-03-18 09:47:44.364",NA,NA,77.1,57200
"2014-03-18 09:47:44.387",NA,NA,77.1,65600
"2014-03-18 09:47:44.507",77.05,164800,NA,NA
"2014-03-18 09:47:44.594",77.05,163200,NA,NA
"2014-03-18 09:47:44.749",NA,NA,77.1,44800
"2014-03-18 09:47:44.880",NA,NA,77.1,47200
"2014-03-18 09:47:45.451",NA,NA,77.1,64800
"2014-03-18 09:47:45.902",77.05,162800,NA,NA
"2014-03-18 09:47:46.240",NA,NA,77.1,66000
"2014-03-18 09:47:46.756",NA,NA,77.1,66400
"2014-03-18 09:47:50.480",77.05,161200,NA,NA
"2014-03-18 09:47:50.506",NA,NA,77.1,68400
"2014-03-18 09:47:50.961",NA,NA,77.1,69600
"2014-03-18 09:47:51.040",NA,NA,77.1,72400
"2014-03-18 09:47:54.445",NA,NA,77.1,105600
"2014-03-18 09:47:55.446",NA,NA,77.1,108000
"2014-03-18 09:47:59.204",NA,NA,77.1,107600
"2014-03-18 09:47:59.307",NA,NA,77.1,105600
"2014-03-18 09:47:59.308",NA,NA,77.1,103600
"2014-03-18 09:47:59.408",77.05,156000,NA,NA
"2014-03-18 09:48:01.306",NA,NA,77.1,101600
"2014-03-18 09:48:01.957",NA,NA,77.1,101200
"2014-03-18 09:48:03.976",77.05,154800,NA,NA
"2014-03-18 09:48:04.226",NA,NA,77.1,100400
"2014-03-18 09:48:04.739",77.05,152800,NA,NA
"2014-03-18 09:48:04.763",77.05,146400,NA,NA
"2014-03-18 09:48:04.935",77.05,146000,NA,NA
"2014-03-18 09:48:05.310",77.05,138000,NA,NA
"2014-03-18 09:48:05.481",77.05,137200,NA,NA
"2014-03-18 09:48:07.168",77.05,137600,NA,NA
"2014-03-18 09:48:07.557",NA,NA,77.1,1e+05
"2014-03-18 09:48:09.278",NA,NA,77.1,98800
"2014-03-18 09:48:09.279",NA,NA,77.1,99200
"2014-03-18 09:48:09.946",NA,NA,77.1,96800
"2014-03-18 09:48:09.953",NA,NA,77.1,101600
"2014-03-18 09:48:10.275",NA,NA,77.1,100800
"2014-03-18 09:48:10.282",NA,NA,77.1,100400
"2014-03-18 09:48:11.355",NA,NA,77.1,101200
"2014-03-18 09:48:13.560",NA,NA,77.1,100800
"2014-03-18 09:48:17.070",77.05,137200,NA,NA
"2014-03-18 09:48:17.211",NA,NA,77.1,102800
"2014-03-18 09:48:17.462",NA,NA,77.1,82800
"2014-03-18 09:48:17.464",77.05,141200,NA,NA
"2014-03-18 09:48:17.506",77.05,134800,NA,NA
"2014-03-18 09:48:17.575",NA,NA,77.1,84800
"2014-03-18 09:48:17.662",77.05,131600,NA,NA
"2014-03-18 09:48:18.223",77.05,132400,NA,NA
"2014-03-18 09:48:24.373",NA,NA,77.1,82800
"2014-03-18 09:48:24.405",NA,NA,77.1,85200
"2014-03-18 09:48:24.474",NA,NA,77.1,91200
"2014-03-18 09:48:24.476",NA,NA,77.1,94000
"2014-03-18 09:48:25.525",NA,NA,77.1,93200
"2014-03-18 09:48:26.369",NA,NA,77.1,94400
"2014-03-18 09:48:26.809",NA,NA,77.1,96800
"2014-03-18 09:48:28.218",NA,NA,77.1,113600
"2014-03-18 09:48:28.394",77.05,129200,NA,NA
"2014-03-18 09:48:28.547",77.05,128400,NA,NA
"2014-03-18 09:48:30.408",NA,NA,77.1,111200
"2014-03-18 09:48:30.418",NA,NA,77.1,109200
"2014-03-18 09:48:31.269",77.05,129600,NA,NA
"2014-03-18 09:48:31.343",77.05,130000,NA,NA
"2014-03-18 09:48:32.197",NA,NA,77.1,108400
"2014-03-18 09:48:33.204",77.05,130400,NA,NA
"2014-03-18 09:48:36.400",NA,NA,77.1,110400
"2014-03-18 09:48:37.730",NA,NA,77.1,109600
"2014-03-18 09:48:40.005",NA,NA,77.1,107600
"2014-03-18 09:48:40.037",NA,NA,77.1,101200
"2014-03-18 09:48:40.085",77.05,126000,NA,NA
"2014-03-18 09:48:40.171",NA,NA,77.1,97200
"2014-03-18 09:48:40.240",77.05,125200,NA,NA
"2014-03-18 09:48:40.282",NA,NA,77.1,104000
"2014-03-18 09:48:40.532",NA,NA,77.1,103600
"2014-03-18 09:48:41.692",77.05,121200,NA,NA
"2014-03-18 09:48:43.136",NA,NA,77.1,103200
"2014-03-18 09:48:43.672",NA,NA,77.1,100800
"2014-03-18 09:48:43.679",NA,NA,77.1,105600
"2014-03-18 09:48:44.994",NA,NA,77.1,104800
"2014-03-18 09:48:47.556",NA,NA,77.1,102800
"2014-03-18 09:48:47.798",NA,NA,77.1,96800
"2014-03-18 09:48:49.566",NA,NA,77.1,95200
"2014-03-18 09:48:53.134",NA,NA,77.1,94800
"2014-03-18 09:48:53.136",NA,NA,77.1,110800
"2014-03-18 09:48:54.250",NA,NA,77.1,108800
"2014-03-18 09:48:54.345",77.05,122400,NA,NA
"2014-03-18 09:48:55.239",77.05,123200,NA,NA
"2014-03-18 09:48:55.344",77.05,122400,NA,NA
"2014-03-18 09:48:55.982",NA,NA,77.1,109600
"2014-03-18 09:48:56.017",77.05,121200,NA,NA
"2014-03-18 09:48:58.950",NA,NA,77.1,110000
"2014-03-18 09:49:02.326",NA,NA,77.1,102000
"2014-03-18 09:49:04.269",NA,NA,77.1,101600
"2014-03-18 09:49:07.243",NA,NA,77.1,110000
"2014-03-18 09:49:08.371",NA,NA,77.1,112000
"2014-03-18 09:49:13.045",NA,NA,77.1,92000
"2014-03-18 09:49:13.485",77.05,119200,NA,NA
"2014-03-18 09:49:15.963",NA,NA,77.1,114000
"2014-03-18 09:49:16.826",NA,NA,77.1,111600
"2014-03-18 09:49:17.045",NA,NA,77.1,111200
"2014-03-18 09:49:18.283",77.05,120000,NA,NA
"2014-03-18 09:49:19.268",NA,NA,77.1,110400
"2014-03-18 09:49:21.889",NA,NA,77.1,109200
"2014-03-18 09:49:21.949",NA,NA,77.1,108800
"2014-03-18 09:49:22.247",NA,NA,77.1,107600
"2014-03-18 09:49:22.753",NA,NA,77.1,87600
"2014-03-18 09:49:22.823",NA,NA,77.1,91600
"2014-03-18 09:49:26.951",NA,NA,77.1,91200
"2014-03-18 09:49:27.924",NA,NA,77.1,90800
"2014-03-18 09:49:28.710",NA,NA,77.1,90400
"2014-03-18 09:49:30.609",NA,NA,77.1,85600
"2014-03-18 09:49:30.714",77.05,114800,NA,NA
"2014-03-18 09:49:30.899",NA,NA,77.1,83600
"2014-03-18 09:49:31.003",77.05,112000,NA,NA
"2014-03-18 09:49:31.999",77.05,90000,NA,NA
"2014-03-18 09:49:32.000",77.05,86000,NA,NA
"2014-03-18 09:49:32.006",77.05,81600,NA,NA
"2014-03-18 09:49:32.269",77.05,79600,NA,NA
"2014-03-18 09:49:32.286",77.05,73200,NA,NA
"2014-03-18 09:49:32.730",NA,NA,77.1,83200
"2014-03-18 09:49:33.368",77.05,71200,NA,NA
"2014-03-18 09:49:33.371",NA,NA,77.1,106400
"2014-03-18 09:49:36.970",NA,NA,77.1,106000
"2014-03-18 09:49:39.166",NA,NA,77.1,104800
"2014-03-18 09:49:39.463",NA,NA,77.1,104400
"2014-03-18 09:49:39.515",NA,NA,77.1,108400
"2014-03-18 09:49:42.892",NA,NA,77.1,110400
"2014-03-18 09:49:42.902",NA,NA,77.1,112800
"2014-03-18 09:49:43.516",77.05,71600,NA,NA
"2014-03-18 09:49:43.613",77.05,71200,NA,NA
"2014-03-18 09:49:43.708",NA,NA,77.1,112400
"2014-03-18 09:49:45.211",NA,NA,77.1,112000
"2014-03-18 09:49:46.784",77.05,68800,NA,NA
"2014-03-18 09:49:48.045",NA,NA,77.1,113200
"2014-03-18 09:49:48.058",NA,NA,77.1,111600
"2014-03-18 09:49:48.235",77.05,70800,NA,NA
"2014-03-18 09:49:48.498",NA,NA,77.1,112400
"2014-03-18 09:49:49.166",NA,NA,77.1,110400
"2014-03-18 09:49:49.216",NA,NA,77.1,112800
"2014-03-18 09:49:52.288",77.05,71200,NA,NA
"2014-03-18 09:49:54.468",77.05,71600,NA,NA
"2014-03-18 09:49:56.157",77.05,63200,NA,NA
"2014-03-18 09:49:56.168",77.05,61200,NA,NA
"2014-03-18 09:49:56.178",77.05,60000,NA,NA
"2014-03-18 09:49:56.750",77.05,66000,NA,NA
"2014-03-18 09:49:58.931",NA,NA,77.1,111200
"2014-03-18 09:49:59.138",NA,NA,77.1,109200
"2014-03-18 09:50:00.941",NA,NA,77.1,109600
"2014-03-18 09:50:01.224",77.05,62800,NA,NA
"2014-03-18 09:50:01.304",77.05,61200,NA,NA
"2014-03-18 09:50:01.317",77.05,59200,NA,NA
"2014-03-18 09:50:03.092",77.05,59600,NA,NA
"2014-03-18 09:50:03.490",NA,NA,77.1,109200
"2014-03-18 09:50:04.319",NA,NA,77.1,108800
"2014-03-18 09:50:06.375",77.05,61600,NA,NA
"2014-03-18 09:50:07.628",NA,NA,77.1,110000
"2014-03-18 09:50:10.481",NA,NA,77.1,108800
"2014-03-18 09:50:15.377",77.05,59200,NA,NA
"2014-03-18 09:50:15.548",77.05,60000,NA,NA
"2014-03-18 09:50:16.257",NA,NA,77.1,108400
"2014-03-18 09:50:17.713",NA,NA,77.1,107600
"2014-03-18 09:50:17.827",NA,NA,77.1,106800
"2014-03-18 09:50:18.165",77.05,54400,NA,NA
"2014-03-18 09:50:18.279",77.05,58400,NA,NA
"2014-03-18 09:50:19.376",77.05,58800,NA,NA
"2014-03-18 09:50:26.477",77.05,38800,NA,NA
"2014-03-18 09:50:26.479",77.05,38000,NA,NA
"2014-03-18 09:50:26.634",77.05,36400,NA,NA
"2014-03-18 09:50:27.079",NA,NA,77.1,107600
"2014-03-18 09:50:29.385",NA,NA,77.1,97600
"2014-03-18 09:50:29.387",77.05,21200,NA,NA
"2014-03-18 09:50:29.549",NA,NA,77.1,102000
"2014-03-18 09:50:29.551",77.05,18400,NA,NA
"2014-03-18 09:50:31.590",NA,NA,77.1,100800
"2014-03-18 09:50:31.772",NA,NA,77.1,96400
"2014-03-18 09:50:31.977",77.05,14000,NA,NA
"2014-03-18 09:50:32.125",77.05,13600,NA,NA
"2014-03-18 09:50:32.127",77,906800,77.05,6400
"2014-03-18 09:50:32.128",NA,NA,77.05,28400
"2014-03-18 09:50:32.129",NA,NA,77.05,29200
"2014-03-18 09:50:32.148",NA,NA,77.05,35200
"2014-03-18 09:50:32.166",NA,NA,77.05,50000
"2014-03-18 09:50:32.215",NA,NA,77.05,30000
"2014-03-18 09:50:32.218",NA,NA,77.05,43600
"2014-03-18 09:50:32.311",NA,NA,77.05,49600
"2014-03-18 09:50:33.496",NA,NA,77.05,49200
"2014-03-18 09:50:34.151",NA,NA,77.05,50000
"2014-03-18 09:50:34.996",NA,NA,77.1,29600
"2014-03-18 09:50:34.998",77,922800,NA,NA
"2014-03-18 09:50:34.998",NA,NA,77.1,9200
"2014-03-18 09:50:35.047",NA,NA,77.1,11200
"2014-03-18 09:50:35.744",NA,NA,77.1,9600
"2014-03-18 09:50:35.970",NA,NA,77.1,13200
"2014-03-18 09:50:36.476",NA,NA,77.1,13600
"2014-03-18 09:50:36.996",NA,NA,77.05,28000
"2014-03-18 09:50:36.999",77,906800,NA,NA
"2014-03-18 09:50:37.020",NA,NA,77.05,29200
"2014-03-18 09:50:38.585",NA,NA,77.05,28400
"2014-03-18 09:50:38.587",NA,NA,77.1,12400
"2014-03-18 09:50:39.119",77,922800,NA,NA
"2014-03-18 09:50:39.801",77,923200,NA,NA
"2014-03-18 09:50:44.459",NA,NA,77.1,10000
"2014-03-18 09:50:44.509",NA,NA,77.1,12400
"2014-03-18 09:50:45.195",NA,NA,77.1,24400
"2014-03-18 09:50:50.612",77,927200,NA,NA
"2014-03-18 09:50:51.593",NA,NA,77.1,24000
"2014-03-18 09:50:51.594",77,927600,NA,NA
"2014-03-18 09:50:54.371",NA,NA,77.1,22400
"2014-03-18 09:50:57.472",77.05,400,NA,NA
"2014-03-18 09:50:59.501",NA,NA,77.1,23600
"2014-03-18 09:51:02.728",NA,NA,77.1,22400
"2014-03-18 09:51:02.779",NA,NA,77.1,24800
"2014-03-18 09:51:03.156",NA,NA,77.1,23600
"2014-03-18 09:51:05.736",77.05,800,NA,NA
"2014-03-18 09:51:09.757",NA,NA,77.1,23200
"2014-03-18 09:51:10.440",77.05,4800,NA,NA
"2014-03-18 09:51:10.687",77.05,5200,NA,NA
"2014-03-18 09:51:11.312",77.05,4800,NA,NA
"2014-03-18 09:51:13.531",77.05,5200,NA,NA
"2014-03-18 09:51:13.834",77.05,6400,NA,NA
"2014-03-18 09:51:14.905",77.05,400,NA,NA
"2014-03-18 09:51:16.090",NA,NA,77.1,22400
"2014-03-18 09:51:20.553",77.05,4400,NA,NA
"2014-03-18 09:51:21.319",77.05,4800,NA,NA
"2014-03-18 09:51:27.903",77.05,4000,NA,NA
"2014-03-18 09:51:29.921",NA,NA,77.1,21600
"2014-03-18 09:51:29.984",NA,NA,77.1,41200
"2014-03-18 09:51:31.393",77.05,4400,NA,NA
"2014-03-18 09:51:32.540",NA,NA,77.1,44000
"2014-03-18 09:51:33.550",77.05,4000,NA,NA
"2014-03-18 09:51:33.819",NA,NA,77.1,43600
"2014-03-18 09:51:35.319",NA,NA,77.1,42400
"2014-03-18 09:51:37.287",77.05,4800,NA,NA
"2014-03-18 09:51:37.755",NA,NA,77.1,42800
"2014-03-18 09:51:38.215",77.05,24800,NA,NA
"2014-03-18 09:51:39.398",77.05,34800,NA,NA
"2014-03-18 09:51:41.601",77.05,35600,NA,NA
"2014-03-18 09:51:43.744",77.05,36000,NA,NA
"2014-03-18 09:51:44.518",77.05,36400,NA,NA
"2014-03-18 09:51:45.133",NA,NA,77.1,44000
"2014-03-18 09:51:48.171",NA,NA,77.1,45200
"2014-03-18 09:51:48.211",77.05,36800,NA,NA
"2014-03-18 09:51:48.362",NA,NA,77.1,44400
"2014-03-18 09:51:52.642",77.05,38800,NA,NA
"2014-03-18 09:51:53.891",77.05,39200,NA,NA
"2014-03-18 09:51:58.536",NA,NA,77.1,44000
"2014-03-18 09:52:05.086",77.05,41600,NA,NA
"2014-03-18 09:52:06.918",77.05,42400,NA,NA
"2014-03-18 09:52:07.728",NA,NA,77.1,43200
"2014-03-18 09:52:07.842",77.05,42800,NA,NA
"2014-03-18 09:52:08.984",NA,NA,77.1,42800
"2014-03-18 09:52:09.016",77.05,43600,NA,NA
"2014-03-18 09:52:14.755",77.05,44800,NA,NA
"2014-03-18 09:52:15.039",77.05,48400,NA,NA
"2014-03-18 09:52:15.163",77.05,48800,NA,NA
"2014-03-18 09:52:22.916",NA,NA,77.1,41600
"2014-03-18 09:52:23.863",NA,NA,77.1,44400
"2014-03-18 09:52:27.390",NA,NA,77.1,44000
"2014-03-18 09:52:29.813",NA,NA,77.1,43600
"2014-03-18 09:52:29.864",NA,NA,77.1,45600
"2014-03-18 09:52:30.889",77.05,48000,NA,NA
"2014-03-18 09:52:30.889",NA,NA,77.1,44800
"2014-03-18 09:52:32.003",NA,NA,77.1,65600
"2014-03-18 09:52:33.984",77.05,50800,NA,NA
"2014-03-18 09:52:36.944",NA,NA,77.1,68400
"2014-03-18 09:52:37.432",77.05,51600,NA,NA
"2014-03-18 09:52:40.466",NA,NA,77.1,72400
"2014-03-18 09:52:40.659",NA,NA,77.1,72000
"2014-03-18 09:52:43.328",NA,NA,77.1,74000
"2014-03-18 09:52:43.342",NA,NA,77.1,76000
"2014-03-18 09:52:43.765",77.05,30800,NA,NA
"2014-03-18 09:52:44.337",NA,NA,77.1,78000
"2014-03-18 09:52:46.572",77.05,31200,NA,NA
"2014-03-18 09:52:46.630",NA,NA,77.1,78400
"2014-03-18 09:52:46.767",NA,NA,77.1,74400
"2014-03-18 09:52:46.876",NA,NA,77.1,69600
"2014-03-18 09:52:48.816",77.05,30800,NA,NA
"2014-03-18 09:52:48.874",NA,NA,77.1,69200
"2014-03-18 09:52:50.325",77.05,31600,NA,NA
"2014-03-18 09:52:50.691",NA,NA,77.1,73200
"2014-03-18 09:52:51.428",77.05,32000,NA,NA
"2014-03-18 09:52:52.865",NA,NA,77.1,70000
"2014-03-18 09:52:53.726",77.05,21600,NA,NA
"2014-03-18 09:52:53.871",NA,NA,77.1,67600
"2014-03-18 09:52:53.871",NA,NA,77.1,79600
"2014-03-18 09:52:53.935",NA,NA,77.1,77600
"2014-03-18 09:52:53.941",77.05,19600,NA,NA
"2014-03-18 09:52:53.961",NA,NA,77.1,75600
"2014-03-18 09:52:53.963",NA,NA,77.1,73600
"2014-03-18 09:52:53.967",77.05,17600,NA,NA
"2014-03-18 09:52:53.969",77.05,15600,NA,NA
"2014-03-18 09:52:54.456",77.05,13200,NA,NA
"2014-03-18 09:52:56.753",77.05,13600,NA,NA
"2014-03-18 09:53:03.166",NA,NA,77.1,72800
"2014-03-18 09:53:03.195",77.05,12400,NA,NA
"2014-03-18 09:53:03.826",77.05,14400,NA,NA
"2014-03-18 09:53:05.326",77.05,44400,NA,NA
"2014-03-18 09:53:06.254",77.05,44800,NA,NA
"2014-03-18 09:53:07.539",NA,NA,77.1,71200
"2014-03-18 09:53:08.874",77.05,44400,NA,NA
"2014-03-18 09:53:09.304",NA,NA,77.1,70800
"2014-03-18 09:53:10.873",NA,NA,77.1,69200
"2014-03-18 09:53:10.926",NA,NA,77.1,72400
"2014-03-18 09:53:12.357",77.05,45200,NA,NA
"2014-03-18 09:53:14.302",NA,NA,77.1,71200
"2014-03-18 09:53:16.291",NA,NA,77.1,70000
"2014-03-18 09:53:18.877",NA,NA,77.1,69600
"2014-03-18 09:53:20.502",NA,NA,77.1,65600
"2014-03-18 09:53:21.282",77.05,45600,NA,NA
"2014-03-18 09:53:25.372",77.05,46000,NA,NA
"2014-03-18 09:53:27.534",NA,NA,77.1,69600
"2014-03-18 09:53:28.184",NA,NA,77.1,70000
"2014-03-18 09:53:28.876",NA,NA,77.1,69600
"2014-03-18 09:53:30.845",NA,NA,77.1,68000
"2014-03-18 09:53:34.516",NA,NA,77.1,71600
"2014-03-18 09:53:35.045",NA,NA,77.1,69600
"2014-03-18 09:53:35.156",77.05,49200,NA,NA
"2014-03-18 09:53:36.166",NA,NA,77.1,65600
"2014-03-18 09:53:37.496",NA,NA,77.1,65200
"2014-03-18 09:53:38.067",77.05,49600,NA,NA
"2014-03-18 09:53:41.544",NA,NA,77.1,62800
"2014-03-18 09:53:42.627",77.05,50000,NA,NA
"2014-03-18 09:53:50.037",77.05,60000,NA,NA
"2014-03-18 09:53:51.291",NA,NA,77.1,47600
"2014-03-18 09:53:51.293",77.05,64800,NA,NA
"2014-03-18 09:53:51.355",NA,NA,77.1,52000
"2014-03-18 09:53:52.830",77.05,67600,NA,NA
"2014-03-18 09:53:54.825",77.05,69600,NA,NA
"2014-03-18 09:53:55.534",NA,NA,77.1,56000
"2014-03-18 09:53:57.187",77.05,66400,NA,NA
"2014-03-18 09:53:58.873",77.05,66800,NA,NA
"2014-03-18 09:53:59.328",77.05,64000,NA,NA
"2014-03-18 09:53:59.367",NA,NA,77.1,53200
"2014-03-18 09:54:01.841",NA,NA,77.1,49200
"2014-03-18 09:54:02.011",NA,NA,77.1,48000
"2014-03-18 09:54:09.968",77.05,60400,NA,NA
"2014-03-18 09:54:12.357",77.05,60800,NA,NA
"2014-03-18 09:54:12.709",NA,NA,77.1,47600
"2014-03-18 09:54:12.711",NA,NA,77.1,47200
"2014-03-18 09:54:12.761",NA,NA,77.1,49200
"2014-03-18 09:54:14.322",77.05,61200,NA,NA
"2014-03-18 09:54:19.371",77.05,62000,NA,NA
"2014-03-18 09:54:22.093",NA,NA,77.1,52400
"2014-03-18 09:54:22.639",NA,NA,77.1,53600
"2014-03-18 09:54:22.816",77.05,62400,NA,NA
"2014-03-18 09:54:24.598",NA,NA,77.1,52800
"2014-03-18 09:54:24.715",77.05,63600,NA,NA
"2014-03-18 09:54:26.687",NA,NA,77.1,52400
"2014-03-18 09:54:28.770",NA,NA,77.1,56400
"2014-03-18 09:54:31.187",NA,NA,77.1,56800
"2014-03-18 09:54:35.369",NA,NA,77.1,56000
"2014-03-18 09:54:36.700",NA,NA,77.1,55600
"2014-03-18 09:54:38.962",77.05,61600,NA,NA
"2014-03-18 09:54:38.962",NA,NA,77.1,53600
"2014-03-18 09:54:40.902",NA,NA,77.1,67600
"2014-03-18 09:54:42.313",NA,NA,77.1,66800
"2014-03-18 09:54:42.801",77.05,58800,NA,NA
"2014-03-18 09:54:42.801",NA,NA,77.1,64000
"2014-03-18 09:54:45.454",NA,NA,77.1,64800
"2014-03-18 09:54:46.380",77.05,59600,NA,NA
"2014-03-18 09:54:47.125",NA,NA,77.1,64400
"2014-03-18 09:54:47.265",NA,NA,77.1,65200
"2014-03-18 09:54:48.773",NA,NA,77.1,66400
"2014-03-18 09:54:49.012",NA,NA,77.1,66000
"2014-03-18 09:54:49.377",NA,NA,77.1,62000
"2014-03-18 09:54:51.052",NA,NA,77.1,60400
"2014-03-18 09:54:56.522",NA,NA,77.1,59600
"2014-03-18 09:55:01.564",77.05,60400,NA,NA
"2014-03-18 09:55:02.841",NA,NA,77.1,60000
"2014-03-18 09:55:03.126",77.05,61200,NA,NA
"2014-03-18 09:55:05.877",77.05,62400,NA,NA
"2014-03-18 09:55:08.906",77.05,64400,NA,NA
"2014-03-18 09:55:13.955",NA,NA,77.1,59600
"2014-03-18 09:55:15.917",77.05,65200,NA,NA
"2014-03-18 09:55:20.596",77.05,66000,NA,NA
"2014-03-18 09:55:23.805",NA,NA,77.1,49600
"2014-03-18 09:55:25.208",NA,NA,77.1,45600
"2014-03-18 09:55:27.154",77.05,66400,NA,NA
"2014-03-18 09:55:28.140",NA,NA,77.1,45200
"2014-03-18 09:55:31.812",77.05,67200,NA,NA
"2014-03-18 09:55:32.569",77.05,67600,NA,NA
"2014-03-18 09:55:34.057",NA,NA,77.1,44800
"2014-03-18 09:55:35.797",NA,NA,77.1,49600
"2014-03-18 09:55:40.523",NA,NA,77.1,48400
"2014-03-18 09:55:40.541",NA,NA,77.1,49200
"2014-03-18 09:55:42.525",77.05,68000,NA,NA
"2014-03-18 09:55:43.434",77.05,70800,NA,NA
"2014-03-18 09:55:45.224",77.05,66000,NA,NA
"2014-03-18 09:55:48.806",77.05,66800,NA,NA
"2014-03-18 09:55:51.394",NA,NA,77.1,48000
"2014-03-18 09:55:52.136",NA,NA,77.1,47600
"2014-03-18 09:55:52.207",NA,NA,77.1,53600
"2014-03-18 09:55:52.355",NA,NA,77.1,52400
"2014-03-18 09:55:53.320",NA,NA,77.1,50800
"2014-03-18 09:55:54.228",NA,NA,77.1,50400
"2014-03-18 09:55:59.356",NA,NA,77.1,49600
"2014-03-18 09:56:00.228",77.05,67200,NA,NA
"2014-03-18 09:56:00.362",NA,NA,77.1,47200
"2014-03-18 09:56:00.362",NA,NA,77.1,59200
"2014-03-18 09:56:06.340",77.05,67600,NA,NA
"2014-03-18 09:56:08.501",77.05,71200,NA,NA
"2014-03-18 09:56:11.081",NA,NA,77.1,58400
"2014-03-18 09:56:11.648",NA,NA,77.1,57600
"2014-03-18 09:56:11.847",77.05,71600,NA,NA
"2014-03-18 09:56:12.811",NA,NA,77.1,57200
"2014-03-18 09:56:14.380",NA,NA,77.1,56400
"2014-03-18 09:56:14.666",NA,NA,77.1,54800
"2014-03-18 09:56:14.718",NA,NA,77.1,56800
"2014-03-18 09:56:15.885",NA,NA,77.1,57200
"2014-03-18 09:56:16.089",77.05,72000,NA,NA
"2014-03-18 09:56:18.187",77.05,74000,NA,NA
"2014-03-18 09:56:18.315",NA,NA,77.1,56800
"2014-03-18 09:56:18.330",NA,NA,77.1,57600
"2014-03-18 09:56:18.395",NA,NA,77.1,56800
"2014-03-18 09:56:18.572",NA,NA,77.1,56400
"2014-03-18 09:56:20.827",NA,NA,77.1,54400
"2014-03-18 09:56:23.239",77.05,90000,NA,NA
"2014-03-18 09:56:23.574",NA,NA,77.1,53600
"2014-03-18 09:56:25.840",NA,NA,77.1,41600
"2014-03-18 09:56:26.574",NA,NA,77.1,41200
"2014-03-18 09:56:27.375",77.05,90400,NA,NA
"2014-03-18 09:56:30.436",NA,NA,77.1,42800
"2014-03-18 09:56:31.246",77.05,90800,NA,NA
"2014-03-18 09:56:32.076",77.05,92800,NA,NA
"2014-03-18 09:56:33.129",NA,NA,77.1,42400
"2014-03-18 09:56:34.949",NA,NA,77.1,42000
"2014-03-18 09:56:36.027",77.05,93600,NA,NA
"2014-03-18 09:56:37.085",77.05,94000,NA,NA
"2014-03-18 09:56:37.169",NA,NA,77.1,41200
"2014-03-18 09:56:38.871",NA,NA,77.1,53200
"2014-03-18 09:56:40.460",NA,NA,77.1,41200
"2014-03-18 09:56:40.465",NA,NA,77.1,40800
"2014-03-18 09:56:40.561",77.05,93200,NA,NA
"2014-03-18 09:56:40.561",NA,NA,77.1,40000
"2014-03-18 09:56:40.612",NA,NA,77.1,42000
"2014-03-18 09:56:43.299",77.05,94000,NA,NA
"2014-03-18 09:56:45.284",NA,NA,77.1,72000
"2014-03-18 09:56:45.334",NA,NA,77.1,74400
"2014-03-18 09:56:45.831",NA,NA,77.1,74000
"2014-03-18 09:56:46.453",NA,NA,77.1,73200
"2014-03-18 09:56:46.730",NA,NA,77.1,85200
"2014-03-18 09:56:53.163",NA,NA,77.1,73200
"2014-03-18 09:56:54.660",77.05,95200,NA,NA
"2014-03-18 09:56:56.092",77.05,95600,NA,NA
"2014-03-18 09:56:58.060",77.05,96000,NA,NA
"2014-03-18 09:57:00.402",NA,NA,77.1,71200
"2014-03-18 09:57:00.421",NA,NA,77.1,70000
"2014-03-18 09:57:00.453",NA,NA,77.1,72000
"2014-03-18 09:57:00.490",77.05,106000,NA,NA
"2014-03-18 09:57:04.144",77.05,106400,NA,NA
"2014-03-18 09:57:04.980",NA,NA,77.1,70400
"2014-03-18 09:57:06.298",NA,NA,77.1,70800
"2014-03-18 09:57:06.613",77.05,107200,NA,NA
"2014-03-18 09:57:10.120",NA,NA,77.1,70400
"2014-03-18 09:57:12.527",NA,NA,77.1,20400
"2014-03-18 09:57:12.529",NA,NA,77.1,18400
"2014-03-18 09:57:12.532",77.05,105200,NA,NA
"2014-03-18 09:57:12.578",NA,NA,77.1,20800
"2014-03-18 09:57:12.596",NA,NA,77.1,19600
"2014-03-18 09:57:12.753",NA,NA,77.1,22800
"2014-03-18 09:57:13.363",NA,NA,77.1,22400
"2014-03-18 09:57:13.601",NA,NA,77.1,21600
"2014-03-18 09:57:13.768",NA,NA,77.1,31600
"2014-03-18 09:57:14.058",NA,NA,77.1,32000
"2014-03-18 09:57:14.518",NA,NA,77.1,31600
"2014-03-18 09:57:17.632",NA,NA,77.1,31200
"2014-03-18 09:57:18.152",NA,NA,77.1,30400
"2014-03-18 09:57:20.037",NA,NA,77.1,29600
"2014-03-18 09:57:23.368",NA,NA,77.1,30800
"2014-03-18 09:57:25.066",NA,NA,77.1,40800
"2014-03-18 09:57:27.353",NA,NA,77.1,40400
"2014-03-18 09:57:27.724",77.05,75200,NA,NA
"2014-03-18 09:57:27.724",NA,NA,77.1,10400
"2014-03-18 09:57:27.785",NA,NA,77.1,12800
"2014-03-18 09:57:27.810",NA,NA,77.1,22400
"2014-03-18 09:57:29.021",NA,NA,77.1,23200
"2014-03-18 09:57:29.219",NA,NA,77.1,26000
"2014-03-18 09:57:33.985",NA,NA,77.1,25200
"2014-03-18 09:57:34.037",NA,NA,77.1,28000
"2014-03-18 09:57:34.050",77.05,79200,NA,NA
"2014-03-18 09:57:34.621",NA,NA,77.1,18000
"2014-03-18 09:57:35.068",NA,NA,77.1,17600
"2014-03-18 09:57:35.520",NA,NA,77.1,16400
"2014-03-18 09:57:41.899",77.05,81200,NA,NA
"2014-03-18 09:57:42.829",NA,NA,77.1,28400
"2014-03-18 09:57:44.376",77.05,84000,NA,NA
"2014-03-18 09:57:45.547",NA,NA,77.1,26400
"2014-03-18 09:57:45.625",NA,NA,77.1,28800
"2014-03-18 09:57:47.691",NA,NA,77.1,27600
"2014-03-18 09:57:48.918",NA,NA,77.1,28800
"2014-03-18 09:57:52.467",NA,NA,77.1,28400
"2014-03-18 09:57:55.575",77.05,85200,NA,NA
"2014-03-18 09:57:56.131",NA,NA,77.1,26400
"2014-03-18 09:57:56.131",NA,NA,77.1,25200
"2014-03-18 09:57:57.325",NA,NA,77.1,24800
"2014-03-18 09:57:59.945",NA,NA,77.1,24000
"2014-03-18 09:58:03.203",77.05,85600,NA,NA
"2014-03-18 09:58:03.700",77.05,86000,NA,NA
"2014-03-18 09:58:04.139",77.05,86400,NA,NA
"2014-03-18 09:58:04.743",NA,NA,77.1,23600
"2014-03-18 09:58:04.789",NA,NA,77.1,26000
"2014-03-18 09:58:05.243",77.05,70400,NA,NA
"2014-03-18 09:58:06.121",77.05,73600,NA,NA
"2014-03-18 09:58:07.801",NA,NA,77.1,20000
"2014-03-18 09:58:09.365",NA,NA,77.1,22800
"2014-03-18 09:58:10.161",77.05,74000,NA,NA
"2014-03-18 09:58:13.187",NA,NA,77.1,26800
"2014-03-18 09:58:13.241",77.05,75200,NA,NA
"2014-03-18 09:58:14.247",NA,NA,77.1,20800
"2014-03-18 09:58:15.198",NA,NA,77.1,21200
"2014-03-18 09:58:17.442",NA,NA,77.1,20400
"2014-03-18 09:58:18.299",77.05,75600,NA,NA
"2014-03-18 09:58:20.775",NA,NA,77.1,20000
"2014-03-18 09:58:26.426",77.05,72800,NA,NA
"2014-03-18 09:58:26.992",NA,NA,77.1,19200
"2014-03-18 09:58:27.353",NA,NA,77.1,18800
"2014-03-18 09:58:27.946",NA,NA,77.1,19200
"2014-03-18 09:58:28.421",NA,NA,77.1,20400
"2014-03-18 09:58:30.417",NA,NA,77.1,19600
"2014-03-18 09:58:32.600",77.05,73600,NA,NA
"2014-03-18 09:58:33.215",NA,NA,77.1,19200
"2014-03-18 09:58:33.416",NA,NA,77.1,18800
"2014-03-18 09:58:38.807",NA,NA,77.1,18400
"2014-03-18 09:58:41.849",77.05,74000,NA,NA
"2014-03-18 09:58:42.563",77.05,74400,NA,NA
"2014-03-18 09:58:46.609",NA,NA,77.1,21600
"2014-03-18 09:58:47.189",77.05,75600,NA,NA
"2014-03-18 09:58:51.722",NA,NA,77.1,19600
"2014-03-18 09:58:52.732",NA,NA,77.1,18000
"2014-03-18 09:58:52.732",NA,NA,77.1,30000
"2014-03-18 09:58:52.977",NA,NA,77.1,28800
"2014-03-18 09:58:54.135",NA,NA,77.1,68800
"2014-03-18 09:58:55.160",NA,NA,77.1,70800
"2014-03-18 09:58:57.457",77.05,73600,NA,NA
"2014-03-18 09:58:57.457",NA,NA,77.1,68800
"2014-03-18 09:58:57.975",NA,NA,77.1,68000
"2014-03-18 09:58:58.110",NA,NA,77.1,67200
"2014-03-18 09:58:58.362",NA,NA,77.1,66800
"2014-03-18 09:59:00.223",NA,NA,77.1,66000
"2014-03-18 09:59:01.602",NA,NA,77.1,65200
"2014-03-18 09:59:01.812",77.05,74400,NA,NA
"2014-03-18 09:59:01.952",77.05,74800,NA,NA
"2014-03-18 09:59:02.533",77.05,75600,NA,NA
"2014-03-18 09:59:03.662",NA,NA,77.1,64400
"2014-03-18 09:59:09.063",77.05,76000,NA,NA
"2014-03-18 09:59:09.687",NA,NA,77.1,64800
"2014-03-18 09:59:12.805",NA,NA,77.1,62800
"2014-03-18 09:59:14.230",NA,NA,77.1,65200
"2014-03-18 09:59:15.008",NA,NA,77.1,61200
"2014-03-18 09:59:16.178",77.05,75600,NA,NA
"2014-03-18 09:59:16.178",NA,NA,77.1,60800
"2014-03-18 09:59:16.974",77.05,77600,NA,NA
"2014-03-18 09:59:17.065",NA,NA,77.1,60400
"2014-03-18 09:59:20.145",77.05,78000,NA,NA
"2014-03-18 09:59:21.614",NA,NA,77.1,62000
"2014-03-18 09:59:21.962",77.05,78400,NA,NA
"2014-03-18 09:59:22.674",NA,NA,77.1,72000
"2014-03-18 09:59:24.393",77.05,78800,NA,NA
"2014-03-18 09:59:25.204",NA,NA,77.1,74800
"2014-03-18 09:59:25.377",NA,NA,77.1,73600
"2014-03-18 09:59:30.360",77.05,78400,NA,NA
"2014-03-18 09:59:32.077",77.05,78800,NA,NA
"2014-03-18 09:59:32.263",NA,NA,77.1,75600
"2014-03-18 09:59:35.041",NA,NA,77.1,73600
"2014-03-18 09:59:36.692",NA,NA,77.1,73200
"2014-03-18 09:59:40.198",77.05,78400,NA,NA
"2014-03-18 09:59:40.198",NA,NA,77.1,72800
"2014-03-18 09:59:40.278",NA,NA,77.1,70800
"2014-03-18 09:59:41.001",NA,NA,77.1,70400
"2014-03-18 09:59:42.335",NA,NA,77.1,70000
"2014-03-18 09:59:43.000",NA,NA,77.1,69600
"2014-03-18 09:59:43.338",NA,NA,77.1,59200
"2014-03-18 09:59:48.309",NA,NA,77.1,58800
"2014-03-18 09:59:49.567",77.05,78000,NA,NA
"2014-03-18 09:59:49.625",NA,NA,77.1,58400
"2014-03-18 09:59:52.366",NA,NA,77.1,60400
"2014-03-18 09:59:53.570",NA,NA,77.1,72400
"2014-03-18 09:59:56.489",NA,NA,77.1,72000
"2014-03-18 09:59:59.494",NA,NA,77.1,73200
"2014-03-18 10:00:00.875",NA,NA,77.1,72400
"2014-03-18 10:00:00.880",NA,NA,77.1,72800
"2014-03-18 10:00:01.219",77.05,78800,NA,NA
