"Time","BidPrice","BidSize","AskPrice","AskSize"
"2014-03-20 09:20:00.163",76.2,15200,76.25,24000
"2014-03-20 09:30:00.065",NA,NA,76.25,27200
"2014-03-20 09:30:00.112",76.2,9600,NA,NA
"2014-03-20 09:30:00.138",76.15,400,NA,NA
"2014-03-20 09:30:00.299",76.2,400,NA,NA
"2014-03-20 09:30:00.362",NA,NA,76.25,26400
"2014-03-20 09:30:00.771",76.15,5600,76.2,400
"2014-03-20 09:30:00.779",NA,NA,76.25,26400
"2014-03-20 09:30:00.791",NA,NA,76.25,26000
"2014-03-20 09:30:00.850",NA,NA,76.25,25600
"2014-03-20 09:30:01.035",NA,NA,76.25,47600
"2014-03-20 09:30:01.275",76.15,6400,NA,NA
"2014-03-20 09:30:01.439",76.2,32400,NA,NA
"2014-03-20 09:30:01.614",NA,NA,76.25,51200
"2014-03-20 09:30:02.104",NA,NA,76.25,151200
"2014-03-20 09:30:02.197",76.2,26800,NA,NA
"2014-03-20 09:30:02.252",NA,NA,76.25,153200
"2014-03-20 09:30:02.255",76.2,24000,NA,NA
"2014-03-20 09:30:02.338",NA,NA,76.25,156000
"2014-03-20 09:30:02.383",NA,NA,76.25,155600
"2014-03-20 09:30:02.386",NA,NA,76.25,155200
"2014-03-20 09:30:02.459",76.15,6400,76.2,8400
"2014-03-20 09:30:02.617",NA,NA,76.2,30400
"2014-03-20 09:30:02.671",NA,NA,76.2,29200
"2014-03-20 09:30:02.690",NA,NA,76.2,28800
"2014-03-20 09:30:03.082",NA,NA,76.2,50800
"2014-03-20 09:30:03.137",76.15,5600,NA,NA
"2014-03-20 09:30:03.192",NA,NA,76.2,44000
"2014-03-20 09:30:03.308",NA,NA,76.2,47200
"2014-03-20 09:30:03.339",NA,NA,76.2,50000
"2014-03-20 09:30:03.352",NA,NA,76.2,49200
"2014-03-20 09:30:03.371",NA,NA,76.2,48800
"2014-03-20 09:30:03.833",NA,NA,76.2,50000
"2014-03-20 09:30:03.835",76.15,4000,NA,NA
"2014-03-20 09:30:04.041",NA,NA,76.2,42400
"2014-03-20 09:30:04.265",NA,NA,76.2,42000
"2014-03-20 09:30:04.320",NA,NA,76.2,42800
"2014-03-20 09:30:04.322",NA,NA,76.2,45200
"2014-03-20 09:30:04.342",NA,NA,76.2,44800
"2014-03-20 09:30:04.355",NA,NA,76.2,44400
"2014-03-20 09:30:04.378",NA,NA,76.2,42400
"2014-03-20 09:30:04.400",NA,NA,76.2,40400
"2014-03-20 09:30:04.402",NA,NA,76.2,32400
"2014-03-20 09:30:04.402",NA,NA,76.2,31200
"2014-03-20 09:30:04.492",NA,NA,76.2,33600
"2014-03-20 09:30:04.725",NA,NA,76.2,33200
"2014-03-20 09:30:05.066",NA,NA,76.2,31200
"2014-03-20 09:30:05.103",76.15,2400,NA,NA
"2014-03-20 09:30:05.169",76.15,3600,NA,NA
"2014-03-20 09:30:05.174",NA,NA,76.2,30800
"2014-03-20 09:30:05.266",NA,NA,76.2,34400
"2014-03-20 09:30:05.276",NA,NA,76.2,32400
"2014-03-20 09:30:05.325",76.1,19200,NA,NA
"2014-03-20 09:30:05.573",NA,NA,76.2,16800
"2014-03-20 09:30:05.749",76.1,17600,NA,NA
"2014-03-20 09:30:05.754",NA,NA,76.2,15600
"2014-03-20 09:30:05.814",NA,NA,76.2,11600
"2014-03-20 09:30:05.832",NA,NA,76.2,11200
"2014-03-20 09:30:05.841",NA,NA,76.2,14000
"2014-03-20 09:30:05.849",NA,NA,76.2,13600
"2014-03-20 09:30:05.909",76.15,400,NA,NA
"2014-03-20 09:30:06.114",NA,NA,76.2,12800
"2014-03-20 09:30:06.287",NA,NA,76.2,11600
"2014-03-20 09:30:06.630",NA,NA,76.2,9200
"2014-03-20 09:30:06.847",NA,NA,76.2,8400
"2014-03-20 09:30:07.020",NA,NA,76.2,11600
"2014-03-20 09:30:07.182",76.15,800,NA,NA
"2014-03-20 09:30:07.800",NA,NA,76.2,11200
"2014-03-20 09:30:08.280",NA,NA,76.2,10800
"2014-03-20 09:30:08.339",NA,NA,76.2,9200
"2014-03-20 09:30:08.630",NA,NA,76.2,10000
"2014-03-20 09:30:08.784",NA,NA,76.2,9600
"2014-03-20 09:30:08.893",NA,NA,76.2,9200
"2014-03-20 09:30:09.118",76.15,1200,NA,NA
"2014-03-20 09:30:09.202",NA,NA,76.2,8400
"2014-03-20 09:30:10.151",76.1,19600,NA,NA
"2014-03-20 09:30:10.379",NA,NA,76.2,6400
"2014-03-20 09:30:10.661",NA,NA,76.2,6000
"2014-03-20 09:30:11.207",NA,NA,76.2,5200
"2014-03-20 09:30:11.242",76.1,20000,NA,NA
"2014-03-20 09:30:11.558",76.1,20400,NA,NA
"2014-03-20 09:30:12.163",NA,NA,76.2,4800
"2014-03-20 09:30:13.068",NA,NA,76.2,4400
"2014-03-20 09:30:13.252",NA,NA,76.2,3200
"2014-03-20 09:30:13.298",NA,NA,76.2,2800
"2014-03-20 09:30:13.357",NA,NA,76.2,800
"2014-03-20 09:30:14.268",NA,NA,76.2,400
"2014-03-20 09:30:14.412",NA,NA,76.25,117200
"2014-03-20 09:30:14.438",NA,NA,76.25,116800
"2014-03-20 09:30:14.441",NA,NA,76.25,114400
"2014-03-20 09:30:14.456",NA,NA,76.25,124800
"2014-03-20 09:30:14.493",NA,NA,76.25,121600
"2014-03-20 09:30:14.517",NA,NA,76.25,120400
"2014-03-20 09:30:15.031",76.1,20000,NA,NA
"2014-03-20 09:30:15.173",76.1,12000,NA,NA
"2014-03-20 09:30:15.190",76.1,11600,NA,NA
"2014-03-20 09:30:15.280",NA,NA,76.25,121600
"2014-03-20 09:30:15.354",76.1,11200,NA,NA
"2014-03-20 09:30:15.452",NA,NA,76.25,121200
"2014-03-20 09:30:16.439",NA,NA,76.25,110800
"2014-03-20 09:30:16.452",NA,NA,76.25,108400
"2014-03-20 09:30:16.455",NA,NA,76.25,107600
"2014-03-20 09:30:16.784",NA,NA,76.25,107200
"2014-03-20 09:30:17.306",NA,NA,76.25,106000
"2014-03-20 09:30:17.319",NA,NA,76.25,105600
"2014-03-20 09:30:17.334",NA,NA,76.25,105200
"2014-03-20 09:30:17.443",NA,NA,76.25,104000
"2014-03-20 09:30:17.443",NA,NA,76.25,103600
"2014-03-20 09:30:17.456",76.1,10800,NA,NA
"2014-03-20 09:30:17.498",NA,NA,76.25,102800
"2014-03-20 09:30:17.950",NA,NA,76.25,102400
"2014-03-20 09:30:17.981",NA,NA,76.25,124800
"2014-03-20 09:30:18.341",NA,NA,76.25,124400
"2014-03-20 09:30:18.380",NA,NA,76.25,122800
"2014-03-20 09:30:18.400",NA,NA,76.25,122400
"2014-03-20 09:30:18.411",NA,NA,76.25,121600
"2014-03-20 09:30:18.424",76.1,10400,NA,NA
"2014-03-20 09:30:18.440",NA,NA,76.25,134800
"2014-03-20 09:30:18.482",NA,NA,76.25,133600
"2014-03-20 09:30:18.887",NA,NA,76.25,123600
"2014-03-20 09:30:18.899",76.1,9200,NA,NA
"2014-03-20 09:30:19.032",NA,NA,76.2,800
"2014-03-20 09:30:19.408",NA,NA,76.25,113200
"2014-03-20 09:30:19.412",NA,NA,76.25,112400
"2014-03-20 09:30:19.437",NA,NA,76.25,121600
"2014-03-20 09:30:19.790",NA,NA,76.25,121200
"2014-03-20 09:30:19.958",NA,NA,76.25,120800
"2014-03-20 09:30:20.312",NA,NA,76.25,110800
"2014-03-20 09:30:20.331",76.1,8000,NA,NA
"2014-03-20 09:30:20.335",NA,NA,76.25,110400
"2014-03-20 09:30:20.391",NA,NA,76.25,110000
"2014-03-20 09:30:21.386",76.2,400,NA,NA
"2014-03-20 09:30:21.387",76.1,8000,NA,NA
"2014-03-20 09:30:21.388",NA,NA,76.2,400
"2014-03-20 09:30:21.391",76.1,7600,NA,NA
"2014-03-20 09:30:21.393",NA,NA,76.25,109600
"2014-03-20 09:30:21.400",76.1,7200,NA,NA
"2014-03-20 09:30:21.407",NA,NA,76.25,100400
"2014-03-20 09:30:21.453",NA,NA,76.25,108400
"2014-03-20 09:30:21.477",NA,NA,76.25,107600
"2014-03-20 09:30:21.920",NA,NA,76.25,107200
"2014-03-20 09:30:22.255",76.1,6800,NA,NA
"2014-03-20 09:30:22.255",76.1,6400,NA,NA
"2014-03-20 09:30:22.259",NA,NA,76.25,106400
"2014-03-20 09:30:22.352",NA,NA,76.25,106000
"2014-03-20 09:30:22.399",NA,NA,76.25,105200
"2014-03-20 09:30:22.409",76.1,6000,NA,NA
"2014-03-20 09:30:23.271",76.1,6800,NA,NA
"2014-03-20 09:30:23.402",NA,NA,76.25,104800
"2014-03-20 09:30:23.602",NA,NA,76.25,104400
"2014-03-20 09:30:24.206",NA,NA,76.25,104000
"2014-03-20 09:30:24.284",76.1,6000,NA,NA
"2014-03-20 09:30:24.286",76.15,800,NA,NA
"2014-03-20 09:30:24.406",NA,NA,76.25,103200
"2014-03-20 09:30:24.675",76.15,2000,NA,NA
"2014-03-20 09:30:24.702",76.15,1200,NA,NA
"2014-03-20 09:30:24.820",NA,NA,76.25,101600
"2014-03-20 09:30:24.864",NA,NA,76.25,101200
"2014-03-20 09:30:24.910",76.15,800,NA,NA
"2014-03-20 09:30:24.951",NA,NA,76.25,1e+05
"2014-03-20 09:30:25.295",NA,NA,76.25,97600
"2014-03-20 09:30:25.307",76.15,400,NA,NA
"2014-03-20 09:30:25.341",NA,NA,76.25,96000
"2014-03-20 09:30:25.366",NA,NA,76.25,95600
"2014-03-20 09:30:25.399",76.2,800,NA,NA
"2014-03-20 09:30:25.439",NA,NA,76.25,94400
"2014-03-20 09:30:25.456",NA,NA,76.25,93200
"2014-03-20 09:30:25.468",76.2,400,NA,NA
"2014-03-20 09:30:25.470",76.15,400,NA,NA
"2014-03-20 09:30:25.821",NA,NA,76.25,92400
"2014-03-20 09:30:26.187",NA,NA,76.25,92000
"2014-03-20 09:30:26.376",76.2,400,NA,NA
"2014-03-20 09:30:26.394",NA,NA,76.25,91200
"2014-03-20 09:30:26.425",NA,NA,76.25,90800
"2014-03-20 09:30:26.432",NA,NA,76.25,90000
"2014-03-20 09:30:26.453",NA,NA,76.25,89600
"2014-03-20 09:30:26.540",NA,NA,76.25,89200
"2014-03-20 09:30:26.549",NA,NA,76.25,88800
"2014-03-20 09:30:26.803",NA,NA,76.25,86800
"2014-03-20 09:30:26.834",NA,NA,76.25,86000
"2014-03-20 09:30:26.847",NA,NA,76.25,85600
"2014-03-20 09:30:26.952",NA,NA,76.25,85200
"2014-03-20 09:30:27.443",NA,NA,76.25,84400
"2014-03-20 09:30:27.455",NA,NA,76.25,84000
"2014-03-20 09:30:27.464",76.2,800,NA,NA
"2014-03-20 09:30:27.468",NA,NA,76.25,83600
"2014-03-20 09:30:27.490",NA,NA,76.25,82800
"2014-03-20 09:30:27.517",NA,NA,76.25,82400
"2014-03-20 09:30:27.556",76.2,1200,NA,NA
"2014-03-20 09:30:27.596",NA,NA,76.25,81200
"2014-03-20 09:30:27.607",NA,NA,76.25,80800
"2014-03-20 09:30:27.681",NA,NA,76.25,120800
"2014-03-20 09:30:27.756",NA,NA,76.25,120000
"2014-03-20 09:30:27.811",NA,NA,76.25,118800
"2014-03-20 09:30:28.283",NA,NA,76.25,118400
"2014-03-20 09:30:28.323",NA,NA,76.25,118000
"2014-03-20 09:30:28.343",NA,NA,76.25,117600
"2014-03-20 09:30:28.380",NA,NA,76.25,117200
"2014-03-20 09:30:28.492",NA,NA,76.25,116800
"2014-03-20 09:30:28.511",NA,NA,76.25,116400
"2014-03-20 09:30:28.512",NA,NA,76.25,116000
"2014-03-20 09:30:28.517",NA,NA,76.25,112000
"2014-03-20 09:30:28.539",76.2,2400,NA,NA
"2014-03-20 09:30:28.679",76.15,400,NA,NA
"2014-03-20 09:30:28.740",NA,NA,76.25,111200
"2014-03-20 09:30:28.745",NA,NA,76.25,110400
"2014-03-20 09:30:28.842",NA,NA,76.25,108400
"2014-03-20 09:30:28.865",NA,NA,76.25,107600
"2014-03-20 09:30:28.884",NA,NA,76.25,107200
"2014-03-20 09:30:29.245",76.2,400,NA,NA
"2014-03-20 09:30:29.402",NA,NA,76.25,105600
"2014-03-20 09:30:29.403",NA,NA,76.25,105200
"2014-03-20 09:30:29.437",NA,NA,76.25,104800
"2014-03-20 09:30:29.479",NA,NA,76.25,104000
"2014-03-20 09:30:29.493",NA,NA,76.25,103600
"2014-03-20 09:30:29.514",NA,NA,76.25,102400
"2014-03-20 09:30:29.740",NA,NA,76.25,100400
"2014-03-20 09:30:30.128",76.15,400,NA,NA
"2014-03-20 09:30:30.322",NA,NA,76.25,1e+05
"2014-03-20 09:30:30.359",NA,NA,76.25,99600
"2014-03-20 09:30:30.440",NA,NA,76.25,97600
"2014-03-20 09:30:30.462",NA,NA,76.25,96400
"2014-03-20 09:30:30.630",NA,NA,76.25,96000
"2014-03-20 09:30:30.636",76.1,29200,NA,NA
"2014-03-20 09:30:30.892",76.2,400,NA,NA
"2014-03-20 09:30:31.377",NA,NA,76.25,95600
"2014-03-20 09:30:31.406",NA,NA,76.25,95200
"2014-03-20 09:30:31.455",76.2,800,NA,NA
"2014-03-20 09:30:31.461",NA,NA,76.25,94800
"2014-03-20 09:30:31.515",NA,NA,76.25,93600
"2014-03-20 09:30:31.977",76.2,1200,NA,NA
"2014-03-20 09:30:32.033",76.2,7200,NA,NA
"2014-03-20 09:30:32.386",NA,NA,76.25,93200
"2014-03-20 09:30:32.408",NA,NA,76.25,92800
"2014-03-20 09:30:32.452",NA,NA,76.25,92400
"2014-03-20 09:30:32.492",NA,NA,76.25,86400
"2014-03-20 09:30:33.360",NA,NA,76.25,85600
"2014-03-20 09:30:33.458",NA,NA,76.25,85200
"2014-03-20 09:30:33.509",NA,NA,76.25,84800
"2014-03-20 09:30:33.540",76.2,8000,NA,NA
"2014-03-20 09:30:33.607",NA,NA,76.25,82800
"2014-03-20 09:30:33.684",NA,NA,76.25,82400
"2014-03-20 09:30:33.818",NA,NA,76.25,81600
"2014-03-20 09:30:33.853",NA,NA,76.25,81200
"2014-03-20 09:30:34.373",NA,NA,76.25,80800
"2014-03-20 09:30:34.420",NA,NA,76.25,80400
"2014-03-20 09:30:34.463",NA,NA,76.25,80000
"2014-03-20 09:30:34.465",76.2,8400,NA,NA
"2014-03-20 09:30:34.465",76.2,8800,NA,NA
"2014-03-20 09:30:34.523",NA,NA,76.25,78000
"2014-03-20 09:30:34.912",NA,NA,76.25,80000
"2014-03-20 09:30:34.973",NA,NA,76.25,79200
"2014-03-20 09:30:35.055",76.2,6800,NA,NA
"2014-03-20 09:30:35.070",76.2,6400,NA,NA
"2014-03-20 09:30:35.190",76.2,2800,NA,NA
"2014-03-20 09:30:35.192",76.15,1200,NA,NA
"2014-03-20 09:30:35.337",NA,NA,76.25,78800
"2014-03-20 09:30:35.342",NA,NA,76.25,78400
"2014-03-20 09:30:35.378",NA,NA,76.25,78000
"2014-03-20 09:30:35.409",NA,NA,76.25,77200
"2014-03-20 09:30:35.413",NA,NA,76.25,70800
"2014-03-20 09:30:35.428",76.2,2800,NA,NA
"2014-03-20 09:30:35.447",NA,NA,76.25,70400
"2014-03-20 09:30:35.459",NA,NA,76.25,68800
"2014-03-20 09:30:35.467",NA,NA,76.25,68000
"2014-03-20 09:30:36.361",NA,NA,76.25,67200
"2014-03-20 09:30:36.456",NA,NA,76.25,66400
"2014-03-20 09:30:36.572",76.2,2000,NA,NA
"2014-03-20 09:30:36.627",76.2,10800,NA,NA
"2014-03-20 09:30:37.450",NA,NA,76.25,65600
"2014-03-20 09:30:37.455",NA,NA,76.25,65200
"2014-03-20 09:30:37.605",76.2,11200,NA,NA
"2014-03-20 09:30:37.976",NA,NA,76.25,64800
"2014-03-20 09:30:38.445",NA,NA,76.25,63600
"2014-03-20 09:30:38.470",76.2,9200,NA,NA
"2014-03-20 09:30:38.470",NA,NA,76.25,63200
"2014-03-20 09:30:38.710",76.2,10000,NA,NA
"2014-03-20 09:30:38.831",NA,NA,76.25,62400
"2014-03-20 09:30:39.460",NA,NA,76.25,62000
"2014-03-20 09:30:39.579",76.2,10400,NA,NA
"2014-03-20 09:30:40.112",76.2,8400,NA,NA
"2014-03-20 09:30:40.234",76.2,8000,NA,NA
"2014-03-20 09:30:40.664",76.2,8800,NA,NA
"2014-03-20 09:30:40.864",NA,NA,76.25,61600
"2014-03-20 09:30:41.463",NA,NA,76.25,58400
"2014-03-20 09:30:41.484",NA,NA,76.25,55600
"2014-03-20 09:30:41.555",76.2,9200,NA,NA
"2014-03-20 09:30:41.887",NA,NA,76.25,52400
"2014-03-20 09:30:42.396",NA,NA,76.25,51600
"2014-03-20 09:30:42.408",76.2,8800,NA,NA
"2014-03-20 09:30:42.451",NA,NA,76.25,51200
"2014-03-20 09:30:42.885",NA,NA,76.25,50800
"2014-03-20 09:30:42.912",NA,NA,76.25,49600
"2014-03-20 09:30:43.484",NA,NA,76.25,54800
"2014-03-20 09:30:44.483",NA,NA,76.25,54400
"2014-03-20 09:30:44.614",76.2,9200,NA,NA
"2014-03-20 09:30:44.910",NA,NA,76.25,52400
"2014-03-20 09:30:44.921",76.2,8800,NA,NA
"2014-03-20 09:30:44.923",NA,NA,76.25,52000
"2014-03-20 09:30:45.313",76.2,8400,NA,NA
"2014-03-20 09:30:45.440",NA,NA,76.25,51200
"2014-03-20 09:30:45.470",NA,NA,76.25,50800
"2014-03-20 09:30:45.476",76.2,8800,NA,NA
"2014-03-20 09:30:45.893",NA,NA,76.25,50400
"2014-03-20 09:30:45.913",NA,NA,76.25,50000
"2014-03-20 09:30:47.345",NA,NA,76.25,49600
"2014-03-20 09:30:47.361",NA,NA,76.25,48800
"2014-03-20 09:30:47.364",76.2,8400,NA,NA
"2014-03-20 09:30:47.391",NA,NA,76.25,48000
"2014-03-20 09:30:47.421",NA,NA,76.25,47600
"2014-03-20 09:30:47.441",NA,NA,76.25,47200
"2014-03-20 09:30:47.476",NA,NA,76.25,46800
"2014-03-20 09:30:47.523",76.2,8800,NA,NA
"2014-03-20 09:30:47.779",NA,NA,76.25,46400
"2014-03-20 09:30:48.365",NA,NA,76.25,45600
"2014-03-20 09:30:48.384",76.2,8400,NA,NA
"2014-03-20 09:30:48.416",76.2,9200,NA,NA
"2014-03-20 09:30:49.142",76.2,10000,NA,NA
"2014-03-20 09:30:49.465",76.2,10800,NA,NA
"2014-03-20 09:30:49.468",76.2,11600,NA,NA
"2014-03-20 09:30:49.752",NA,NA,76.25,44800
"2014-03-20 09:30:49.793",NA,NA,76.25,44400
"2014-03-20 09:30:50.479",NA,NA,76.25,43200
"2014-03-20 09:30:50.635",NA,NA,76.25,46000
"2014-03-20 09:30:50.871",NA,NA,76.25,45600
"2014-03-20 09:30:50.886",NA,NA,76.25,44800
"2014-03-20 09:30:50.906",76.2,11200,NA,NA
"2014-03-20 09:30:51.235",NA,NA,76.25,45600
"2014-03-20 09:30:51.242",NA,NA,76.25,5600
"2014-03-20 09:30:51.258",76.2,10000,NA,NA
"2014-03-20 09:30:51.266",76.2,9600,NA,NA
"2014-03-20 09:30:51.347",76.2,8400,NA,NA
"2014-03-20 09:30:51.499",NA,NA,76.25,4000
"2014-03-20 09:30:51.529",NA,NA,76.25,3200
"2014-03-20 09:30:51.542",76.2,8000,NA,NA
"2014-03-20 09:30:51.809",76.2,8800,NA,NA
"2014-03-20 09:30:51.823",76.2,8400,NA,NA
"2014-03-20 09:30:51.826",NA,NA,76.25,2000
"2014-03-20 09:30:52.321",NA,NA,76.25,1600
"2014-03-20 09:30:52.444",NA,NA,76.25,1200
"2014-03-20 09:30:52.499",76.2,11200,NA,NA
"2014-03-20 09:30:52.668",NA,NA,76.3,39600
"2014-03-20 09:30:52.681",NA,NA,76.3,35600
"2014-03-20 09:30:52.774",NA,NA,76.3,32400
"2014-03-20 09:30:52.778",NA,NA,76.3,31600
"2014-03-20 09:30:52.802",76.2,12000,NA,NA
"2014-03-20 09:30:53.138",NA,NA,76.3,31200
"2014-03-20 09:30:53.531",NA,NA,76.3,27200
"2014-03-20 09:30:53.935",76.2,11200,NA,NA
"2014-03-20 09:30:54.708",NA,NA,76.3,30000
"2014-03-20 09:30:54.809",NA,NA,76.3,29200
"2014-03-20 09:30:55.004",76.25,400,NA,NA
"2014-03-20 09:30:55.077",76.2,11200,NA,NA
"2014-03-20 09:30:55.172",76.2,11600,NA,NA
"2014-03-20 09:30:55.276",76.2,12800,NA,NA
"2014-03-20 09:30:55.706",76.2,13200,NA,NA
"2014-03-20 09:30:56.275",76.25,800,NA,NA
"2014-03-20 09:30:56.373",NA,NA,76.3,27200
"2014-03-20 09:30:56.718",NA,NA,76.3,26800
"2014-03-20 09:30:58.263",76.25,1600,NA,NA
"2014-03-20 09:30:59.168",76.25,11600,NA,NA
"2014-03-20 09:31:01.330",NA,NA,76.3,26000
"2014-03-20 09:31:01.348",76.25,11200,NA,NA
"2014-03-20 09:31:01.376",NA,NA,76.3,23600
"2014-03-20 09:31:01.967",76.25,12400,NA,NA
"2014-03-20 09:31:02.817",76.25,12800,NA,NA
"2014-03-20 09:31:03.356",NA,NA,76.3,23200
"2014-03-20 09:31:03.503",NA,NA,76.3,22400
"2014-03-20 09:31:03.521",76.25,12400,NA,NA
"2014-03-20 09:31:03.899",NA,NA,76.3,20400
"2014-03-20 09:31:03.910",NA,NA,76.3,20000
"2014-03-20 09:31:03.923",76.25,13200,NA,NA
"2014-03-20 09:31:03.932",76.25,12400,NA,NA
"2014-03-20 09:31:03.942",76.25,10400,NA,NA
"2014-03-20 09:31:03.955",76.25,10000,NA,NA
"2014-03-20 09:31:04.859",76.25,10800,NA,NA
"2014-03-20 09:31:04.877",76.25,8800,NA,NA
"2014-03-20 09:31:04.893",76.25,8400,NA,NA
"2014-03-20 09:31:04.933",NA,NA,76.3,19200
"2014-03-20 09:31:05.356",NA,NA,76.3,18800
"2014-03-20 09:31:05.595",76.25,8800,NA,NA
"2014-03-20 09:31:05.833",76.25,7600,NA,NA
"2014-03-20 09:31:05.901",76.25,8400,NA,NA
"2014-03-20 09:31:06.340",NA,NA,76.3,17200
"2014-03-20 09:31:06.357",76.25,8000,NA,NA
"2014-03-20 09:31:06.685",76.25,9600,NA,NA
"2014-03-20 09:31:08.346",76.2,4400,NA,NA
"2014-03-20 09:31:08.596",NA,NA,76.3,19200
"2014-03-20 09:31:08.875",76.25,400,NA,NA
"2014-03-20 09:31:09.491",76.2,4400,NA,NA
"2014-03-20 09:31:10.231",76.2,1600,NA,NA
"2014-03-20 09:31:10.243",76.2,1200,NA,NA
"2014-03-20 09:31:10.441",76.15,20000,NA,NA
"2014-03-20 09:31:10.445",NA,NA,76.3,18400
"2014-03-20 09:31:11.073",76.2,1200,NA,NA
"2014-03-20 09:31:14.142",76.2,7600,NA,NA
"2014-03-20 09:31:17.043",NA,NA,76.3,36800
"2014-03-20 09:31:17.061",NA,NA,76.3,38800
"2014-03-20 09:31:18.405",NA,NA,76.3,40000
"2014-03-20 09:31:19.137",NA,NA,76.3,56000
"2014-03-20 09:31:23.282",76.2,7200,NA,NA
"2014-03-20 09:31:24.691",76.2,14400,NA,NA
"2014-03-20 09:31:26.710",NA,NA,76.25,400
"2014-03-20 09:31:26.711",NA,NA,76.3,56000
"2014-03-20 09:31:26.728",NA,NA,76.3,54800
"2014-03-20 09:31:27.328",76.2,13600,NA,NA
"2014-03-20 09:31:27.553",76.2,14000,NA,NA
"2014-03-20 09:31:28.039",NA,NA,76.25,1200
"2014-03-20 09:31:28.091",76.2,14400,NA,NA
"2014-03-20 09:31:29.758",76.2,8000,NA,NA
"2014-03-20 09:31:30.365",NA,NA,76.3,58000
"2014-03-20 09:31:31.680",76.2,5200,NA,NA
"2014-03-20 09:31:31.699",76.2,4800,NA,NA
"2014-03-20 09:31:33.224",76.2,4400,NA,NA
"2014-03-20 09:31:33.362",76.2,4000,NA,NA
"2014-03-20 09:31:35.543",76.2,4800,NA,NA
"2014-03-20 09:31:35.636",NA,NA,76.3,57600
"2014-03-20 09:31:37.054",NA,NA,76.3,56800
"2014-03-20 09:31:37.257",76.2,24800,NA,NA
"2014-03-20 09:31:38.434",76.2,26000,NA,NA
"2014-03-20 09:31:38.600",76.2,26400,NA,NA
"2014-03-20 09:31:39.077",76.2,42400,NA,NA
"2014-03-20 09:31:39.084",76.2,42800,NA,NA
"2014-03-20 09:31:39.094",76.2,43200,NA,NA
"2014-03-20 09:31:40.334",76.2,44800,NA,NA
"2014-03-20 09:31:41.466",NA,NA,76.3,77600
"2014-03-20 09:31:42.486",NA,NA,76.3,79200
"2014-03-20 09:31:42.874",NA,NA,76.3,78000
"2014-03-20 09:31:42.874",NA,NA,76.3,80400
"2014-03-20 09:31:43.144",NA,NA,76.3,82800
"2014-03-20 09:31:46.986",NA,NA,76.3,102800
"2014-03-20 09:31:46.998",NA,NA,76.3,98800
"2014-03-20 09:31:47.015",NA,NA,76.3,108000
"2014-03-20 09:31:47.054",NA,NA,76.3,106800
"2014-03-20 09:31:47.054",NA,NA,76.3,109200
"2014-03-20 09:31:48.576",76.2,45600,NA,NA
"2014-03-20 09:31:49.093",NA,NA,76.3,126000
"2014-03-20 09:31:49.705",NA,NA,76.3,123600
"2014-03-20 09:31:49.705",NA,NA,76.3,127200
"2014-03-20 09:31:50.218",76.2,44800,NA,NA
"2014-03-20 09:31:50.232",76.2,44400,NA,NA
"2014-03-20 09:31:51.472",76.2,44800,NA,NA
"2014-03-20 09:31:52.892",76.25,1200,NA,NA
"2014-03-20 09:31:52.965",76.2,44800,NA,NA
"2014-03-20 09:31:56.950",76.2,46000,NA,NA
"2014-03-20 09:32:00.327",NA,NA,76.3,111200
"2014-03-20 09:32:01.830",NA,NA,76.3,110400
"2014-03-20 09:32:04.726",NA,NA,76.25,400
"2014-03-20 09:32:04.728",NA,NA,76.3,110400
"2014-03-20 09:32:05.346",NA,NA,76.3,109600
"2014-03-20 09:32:05.433",76.2,44000,NA,NA
"2014-03-20 09:32:05.446",76.2,43600,NA,NA
"2014-03-20 09:32:05.520",NA,NA,76.3,109200
"2014-03-20 09:32:05.782",NA,NA,76.3,108800
"2014-03-20 09:32:05.912",NA,NA,76.3,108400
"2014-03-20 09:32:06.171",NA,NA,76.3,107200
"2014-03-20 09:32:06.743",NA,NA,76.3,106800
"2014-03-20 09:32:06.785",NA,NA,76.3,104800
"2014-03-20 09:32:06.789",NA,NA,76.3,104000
"2014-03-20 09:32:06.796",76.2,43200,NA,NA
"2014-03-20 09:32:06.965",NA,NA,76.3,102800
"2014-03-20 09:32:06.977",76.2,42800,NA,NA
"2014-03-20 09:32:07.351",NA,NA,76.3,102400
"2014-03-20 09:32:07.481",NA,NA,76.3,102000
"2014-03-20 09:32:07.697",NA,NA,76.3,101600
"2014-03-20 09:32:07.796",NA,NA,76.3,101200
"2014-03-20 09:32:07.836",76.2,42000,NA,NA
"2014-03-20 09:32:07.838",NA,NA,76.3,100400
"2014-03-20 09:32:08.489",NA,NA,76.3,1e+05
"2014-03-20 09:32:08.662",76.2,42400,NA,NA
"2014-03-20 09:32:08.714",76.2,42000,NA,NA
"2014-03-20 09:32:08.714",NA,NA,76.3,99600
"2014-03-20 09:32:08.752",NA,NA,76.3,98800
"2014-03-20 09:32:08.883",76.2,42400,NA,NA
"2014-03-20 09:32:09.491",NA,NA,76.3,98400
"2014-03-20 09:32:09.509",76.2,42000,NA,NA
"2014-03-20 09:32:09.664",NA,NA,76.3,98000
"2014-03-20 09:32:09.850",NA,NA,76.3,97200
"2014-03-20 09:32:10.066",NA,NA,76.3,96800
"2014-03-20 09:32:10.279",NA,NA,76.3,96400
"2014-03-20 09:32:10.720",NA,NA,76.3,96000
"2014-03-20 09:32:10.877",76.2,42400,NA,NA
"2014-03-20 09:32:10.894",NA,NA,76.3,95600
"2014-03-20 09:32:11.066",NA,NA,76.3,95200
"2014-03-20 09:32:11.241",NA,NA,76.3,94000
"2014-03-20 09:32:11.252",76.2,42000,NA,NA
"2014-03-20 09:32:11.706",NA,NA,76.3,88800
"2014-03-20 09:32:11.904",76.25,400,NA,NA
"2014-03-20 09:32:12.752",NA,NA,76.3,80800
"2014-03-20 09:32:12.763",76.25,800,NA,NA
"2014-03-20 09:32:13.720",NA,NA,76.3,80400
"2014-03-20 09:32:14.169",NA,NA,76.3,76400
"2014-03-20 09:32:18.640",76.25,400,NA,NA
"2014-03-20 09:32:20.233",NA,NA,76.3,92400
"2014-03-20 09:32:21.297",76.25,800,NA,NA
"2014-03-20 09:32:23.201",76.2,24000,76.25,1200
"2014-03-20 09:32:23.381",NA,NA,76.25,3600
"2014-03-20 09:32:23.387",NA,NA,76.25,5200
"2014-03-20 09:32:25.114",NA,NA,76.25,22000
"2014-03-20 09:32:25.456",NA,NA,76.25,23600
"2014-03-20 09:32:27.264",76.2,22800,NA,NA
"2014-03-20 09:32:27.521",NA,NA,76.25,24800
"2014-03-20 09:32:28.835",NA,NA,76.25,40800
"2014-03-20 09:32:30.370",NA,NA,76.25,61600
"2014-03-20 09:32:30.901",NA,NA,76.25,63600
"2014-03-20 09:32:32.676",76.2,33600,NA,NA
"2014-03-20 09:32:34.079",76.2,34000,NA,NA
"2014-03-20 09:32:38.395",76.2,50000,NA,NA
"2014-03-20 09:32:39.661",76.2,34000,NA,NA
"2014-03-20 09:32:40.145",76.2,34400,NA,NA
"2014-03-20 09:32:41.888",NA,NA,76.25,88400
"2014-03-20 09:32:42.993",NA,NA,76.25,89600
"2014-03-20 09:32:47.849",NA,NA,76.25,89200
"2014-03-20 09:32:48.063",76.2,34800,NA,NA
"2014-03-20 09:32:48.858",76.2,35600,NA,NA
"2014-03-20 09:32:50.875",NA,NA,76.25,88400
"2014-03-20 09:32:51.175",76.2,36000,NA,NA
"2014-03-20 09:32:54.095",NA,NA,76.25,90400
"2014-03-20 09:32:57.065",76.15,43600,NA,NA
"2014-03-20 09:32:57.066",NA,NA,76.25,89200
"2014-03-20 09:32:57.067",NA,NA,76.2,1200
"2014-03-20 09:32:57.244",NA,NA,76.2,2800
"2014-03-20 09:32:57.252",NA,NA,76.2,4800
"2014-03-20 09:32:57.259",NA,NA,76.2,7200
"2014-03-20 09:32:57.575",NA,NA,76.2,23200
"2014-03-20 09:32:57.733",76.15,27600,NA,NA
"2014-03-20 09:32:58.072",76.15,45600,NA,NA
"2014-03-20 09:32:58.530",NA,NA,76.2,24400
"2014-03-20 09:32:59.254",NA,NA,76.2,26800
"2014-03-20 09:32:59.435",76.15,46400,NA,NA
"2014-03-20 09:33:00.254",76.15,42800,NA,NA
"2014-03-20 09:33:00.270",76.15,42400,NA,NA
"2014-03-20 09:33:00.439",NA,NA,76.2,26400
"2014-03-20 09:33:00.471",NA,NA,76.2,26000
"2014-03-20 09:33:01.260",NA,NA,76.2,23600
"2014-03-20 09:33:02.278",NA,NA,76.2,25600
"2014-03-20 09:33:04.498",NA,NA,76.2,50400
"2014-03-20 09:33:04.592",NA,NA,76.2,52400
"2014-03-20 09:33:05.786",76.15,58400,NA,NA
"2014-03-20 09:33:06.300",NA,NA,76.2,69200
"2014-03-20 09:33:06.517",76.15,59200,NA,NA
"2014-03-20 09:33:06.719",NA,NA,76.2,69600
"2014-03-20 09:33:07.773",76.15,43200,NA,NA
"2014-03-20 09:33:10.563",76.15,42400,NA,NA
"2014-03-20 09:33:11.317",NA,NA,76.2,69200
"2014-03-20 09:33:11.685",NA,NA,76.2,68800
"2014-03-20 09:33:17.535",NA,NA,76.2,68400
"2014-03-20 09:33:20.181",NA,NA,76.2,66400
"2014-03-20 09:33:20.213",NA,NA,76.2,73600
"2014-03-20 09:33:21.398",NA,NA,76.2,94400
"2014-03-20 09:33:21.707",76.15,58400,NA,NA
"2014-03-20 09:33:21.714",76.15,58800,NA,NA
"2014-03-20 09:33:22.048",NA,NA,76.2,114400
"2014-03-20 09:33:22.162",NA,NA,76.2,113200
"2014-03-20 09:33:22.162",NA,NA,76.2,116400
"2014-03-20 09:33:24.463",NA,NA,76.2,114400
"2014-03-20 09:33:24.463",76.15,56800,NA,NA
"2014-03-20 09:33:25.266",76.15,56400,NA,NA
"2014-03-20 09:33:25.266",NA,NA,76.2,114000
"2014-03-20 09:33:25.285",76.15,56000,NA,NA
"2014-03-20 09:33:25.287",NA,NA,76.2,113600
"2014-03-20 09:33:26.671",NA,NA,76.2,112800
"2014-03-20 09:33:27.138",NA,NA,76.2,114000
"2014-03-20 09:33:27.658",NA,NA,76.2,115200
"2014-03-20 09:33:30.845",76.15,56800,NA,NA
"2014-03-20 09:33:36.022",76.15,40800,NA,NA
"2014-03-20 09:33:36.516",NA,NA,76.2,114800
"2014-03-20 09:33:36.671",NA,NA,76.2,116800
"2014-03-20 09:33:40.432",NA,NA,76.2,92000
"2014-03-20 09:33:41.356",NA,NA,76.2,116800
"2014-03-20 09:33:41.886",NA,NA,76.2,116400
"2014-03-20 09:33:46.388",76.15,41200,NA,NA
"2014-03-20 09:33:46.441",76.15,57200,NA,NA
"2014-03-20 09:33:49.937",NA,NA,76.2,100400
"2014-03-20 09:33:52.002",NA,NA,76.2,116400
"2014-03-20 09:33:53.873",76.15,41200,NA,NA
"2014-03-20 09:33:59.615",76.15,39200,NA,NA
"2014-03-20 09:33:59.617",NA,NA,76.2,118800
"2014-03-20 09:33:59.631",76.15,38800,NA,NA
"2014-03-20 09:33:59.989",NA,NA,76.2,124000
"2014-03-20 09:34:00.100",NA,NA,76.2,123200
"2014-03-20 09:34:00.228",NA,NA,76.2,122000
"2014-03-20 09:34:01.747",NA,NA,76.2,102000
"2014-03-20 09:34:01.972",NA,NA,76.2,101600
"2014-03-20 09:34:02.298",NA,NA,76.2,101200
"2014-03-20 09:34:02.850",NA,NA,76.2,101600
"2014-03-20 09:34:02.924",NA,NA,76.2,110800
"2014-03-20 09:34:03.285",76.15,38000,NA,NA
"2014-03-20 09:34:03.289",NA,NA,76.2,110400
"2014-03-20 09:34:03.965",NA,NA,76.2,110000
"2014-03-20 09:34:03.973",NA,NA,76.2,105600
"2014-03-20 09:34:03.979",NA,NA,76.2,100800
"2014-03-20 09:34:04.041",76.15,35200,NA,NA
"2014-03-20 09:34:04.684",76.15,37600,NA,NA
"2014-03-20 09:34:05.680",76.15,37200,NA,NA
"2014-03-20 09:34:08.128",NA,NA,76.2,102000
"2014-03-20 09:34:09.850",NA,NA,76.2,101200
"2014-03-20 09:34:14.766",76.15,37600,NA,NA
"2014-03-20 09:34:18.514",NA,NA,76.2,1e+05
"2014-03-20 09:34:18.548",NA,NA,76.2,110800
"2014-03-20 09:34:22.271",76.15,37200,NA,NA
"2014-03-20 09:34:24.958",NA,NA,76.2,110000
"2014-03-20 09:34:25.681",NA,NA,76.2,109200
"2014-03-20 09:34:25.941",76.15,37600,NA,NA
"2014-03-20 09:34:27.207",NA,NA,76.2,108400
"2014-03-20 09:34:27.843",NA,NA,76.2,128800
"2014-03-20 09:34:28.083",NA,NA,76.2,141200
"2014-03-20 09:34:29.845",76.15,38000,NA,NA
"2014-03-20 09:34:30.811",NA,NA,76.2,140800
"2014-03-20 09:34:30.823",76.15,37600,NA,NA
"2014-03-20 09:34:32.286",NA,NA,76.2,139600
"2014-03-20 09:34:32.286",NA,NA,76.2,142000
"2014-03-20 09:34:33.406",76.15,44800,NA,NA
"2014-03-20 09:34:33.700",76.15,45600,NA,NA
"2014-03-20 09:34:33.726",76.15,46000,NA,NA
"2014-03-20 09:34:40.259",NA,NA,76.2,140000
"2014-03-20 09:34:40.332",76.15,6000,NA,NA
"2014-03-20 09:34:40.342",76.15,6800,NA,NA
"2014-03-20 09:34:40.344",76.15,6000,NA,NA
"2014-03-20 09:34:40.352",76.15,5600,NA,NA
"2014-03-20 09:34:40.353",76.15,5200,NA,NA
"2014-03-20 09:34:40.354",76.15,3200,NA,NA
"2014-03-20 09:34:40.354",76.15,2800,NA,NA
"2014-03-20 09:34:40.354",76.1,84400,76.15,2400
"2014-03-20 09:34:40.357",NA,NA,76.2,138800
"2014-03-20 09:34:40.357",NA,NA,76.15,1200
"2014-03-20 09:34:40.484",NA,NA,76.15,3600
"2014-03-20 09:34:41.148",NA,NA,76.15,3200
"2014-03-20 09:34:41.337",NA,NA,76.15,5200
"2014-03-20 09:34:42.507",NA,NA,76.15,5600
"2014-03-20 09:34:42.826",NA,NA,76.15,30400
"2014-03-20 09:34:43.203",NA,NA,76.15,46400
"2014-03-20 09:34:43.205",76.1,68400,NA,NA
"2014-03-20 09:34:44.515",NA,NA,76.15,50800
"2014-03-20 09:34:44.585",NA,NA,76.15,53200
"2014-03-20 09:34:45.412",76.1,67600,NA,NA
"2014-03-20 09:34:46.265",NA,NA,76.15,52000
"2014-03-20 09:34:49.244",NA,NA,76.15,61200
"2014-03-20 09:34:49.344",NA,NA,76.15,60400
"2014-03-20 09:34:49.363",76.1,67200,NA,NA
"2014-03-20 09:34:50.699",NA,NA,76.15,60000
"2014-03-20 09:34:51.164",NA,NA,76.15,60400
"2014-03-20 09:34:51.544",NA,NA,76.15,62800
"2014-03-20 09:34:52.707",NA,NA,76.15,64000
"2014-03-20 09:34:53.089",NA,NA,76.15,66000
"2014-03-20 09:34:56.365",NA,NA,76.15,66800
"2014-03-20 09:34:56.585",NA,NA,76.15,65600
"2014-03-20 09:34:57.912",NA,NA,76.15,99600
"2014-03-20 09:34:57.978",NA,NA,76.15,101200
"2014-03-20 09:34:58.178",76.1,66800,NA,NA
"2014-03-20 09:34:58.385",NA,NA,76.15,96800
"2014-03-20 09:34:58.409",NA,NA,76.15,106800
"2014-03-20 09:35:01.804",76.1,56800,NA,NA
"2014-03-20 09:35:03.136",76.1,55600,NA,NA
"2014-03-20 09:35:03.137",76.1,71600,NA,NA
"2014-03-20 09:35:05.222",NA,NA,76.15,96800
"2014-03-20 09:35:05.235",76.1,71200,NA,NA
"2014-03-20 09:35:05.243",76.1,70400,NA,NA
"2014-03-20 09:35:05.243",NA,NA,76.15,96000
"2014-03-20 09:35:06.752",NA,NA,76.15,95600
"2014-03-20 09:35:07.117",76.1,70000,NA,NA
"2014-03-20 09:35:07.240",NA,NA,76.15,86400
"2014-03-20 09:35:08.784",NA,NA,76.15,86800
"2014-03-20 09:35:08.793",NA,NA,76.15,84800
"2014-03-20 09:35:09.060",76.1,54000,NA,NA
"2014-03-20 09:35:09.159",76.1,41200,NA,NA
"2014-03-20 09:35:09.178",76.1,40800,NA,NA
"2014-03-20 09:35:09.185",76.1,40000,NA,NA
"2014-03-20 09:35:09.255",NA,NA,76.15,94000
"2014-03-20 09:35:09.912",NA,NA,76.15,105600
"2014-03-20 09:35:10.098",NA,NA,76.15,94000
"2014-03-20 09:35:10.207",NA,NA,76.15,108400
"2014-03-20 09:35:10.327",76.1,37200,NA,NA
"2014-03-20 09:35:10.348",76.1,36800,NA,NA
"2014-03-20 09:35:10.790",76.05,76000,76.1,33200
"2014-03-20 09:35:10.793",NA,NA,76.1,34400
"2014-03-20 09:35:10.823",NA,NA,76.1,40800
"2014-03-20 09:35:10.970",NA,NA,76.1,42800
"2014-03-20 09:35:11.043",NA,NA,76.1,47600
"2014-03-20 09:35:12.829",NA,NA,76.1,52800
"2014-03-20 09:35:12.901",NA,NA,76.1,53200
"2014-03-20 09:35:13.271",NA,NA,76.1,52800
"2014-03-20 09:35:13.271",76.05,76400,NA,NA
"2014-03-20 09:35:13.708",NA,NA,76.1,66800
"2014-03-20 09:35:13.768",NA,NA,76.1,66400
"2014-03-20 09:35:14.482",NA,NA,76.1,66000
"2014-03-20 09:35:14.892",NA,NA,76.1,59600
"2014-03-20 09:35:16.513",76.05,92400,NA,NA
"2014-03-20 09:35:16.891",NA,NA,76.1,49600
"2014-03-20 09:35:18.212",76.05,93200,NA,NA
"2014-03-20 09:35:18.840",NA,NA,76.1,49200
"2014-03-20 09:35:19.040",76.05,77200,NA,NA
"2014-03-20 09:35:19.359",NA,NA,76.1,46400
"2014-03-20 09:35:20.136",NA,NA,76.1,55600
"2014-03-20 09:35:21.360",NA,NA,76.1,57200
"2014-03-20 09:35:22.542",76.05,93200,NA,NA
"2014-03-20 09:35:23.323",76.05,92800,NA,NA
"2014-03-20 09:35:23.418",76.05,92400,NA,NA
"2014-03-20 09:35:23.418",NA,NA,76.1,56800
"2014-03-20 09:35:23.449",76.05,91600,NA,NA
"2014-03-20 09:35:25.363",NA,NA,76.1,46800
"2014-03-20 09:35:25.413",76.05,88800,NA,NA
"2014-03-20 09:35:25.538",76.05,84800,NA,NA
"2014-03-20 09:35:25.554",76.05,84400,NA,NA
"2014-03-20 09:35:26.415",76.05,74800,NA,NA
"2014-03-20 09:35:26.435",76.05,74000,NA,NA
"2014-03-20 09:35:26.850",NA,NA,76.1,46400
"2014-03-20 09:35:26.997",76.05,72400,NA,NA
"2014-03-20 09:35:27.260",NA,NA,76.1,46800
"2014-03-20 09:35:27.673",NA,NA,76.1,46400
"2014-03-20 09:35:27.675",NA,NA,76.1,46000
"2014-03-20 09:35:27.677",NA,NA,76.15,81200
"2014-03-20 09:35:27.693",76.05,71200,NA,NA
"2014-03-20 09:35:27.697",76.05,70800,NA,NA
"2014-03-20 09:35:27.698",76.05,70400,NA,NA
"2014-03-20 09:35:27.699",76.05,70000,NA,NA
"2014-03-20 09:35:27.701",76.05,68400,NA,NA
"2014-03-20 09:35:27.701",76.05,67200,NA,NA
"2014-03-20 09:35:27.703",NA,NA,76.15,80000
"2014-03-20 09:35:27.724",NA,NA,76.15,72000
"2014-03-20 09:35:27.868",NA,NA,76.15,71600
"2014-03-20 09:35:28.053",NA,NA,76.15,55600
"2014-03-20 09:35:28.255",76.1,800,NA,NA
"2014-03-20 09:35:28.497",NA,NA,76.15,54800
"2014-03-20 09:35:28.818",NA,NA,76.15,55200
"2014-03-20 09:35:28.888",NA,NA,76.15,66000
"2014-03-20 09:35:30.365",NA,NA,76.15,82000
"2014-03-20 09:35:32.445",76.1,1200,NA,NA
"2014-03-20 09:35:33.059",NA,NA,76.15,96400
"2014-03-20 09:35:33.560",76.1,1600,NA,NA
"2014-03-20 09:35:34.509",NA,NA,76.15,95600
"2014-03-20 09:35:34.510",NA,NA,76.15,79600
"2014-03-20 09:35:34.561",NA,NA,76.15,65200
"2014-03-20 09:35:36.132",76.1,1200,NA,NA
"2014-03-20 09:35:37.778",NA,NA,76.15,66400
"2014-03-20 09:35:39.829",NA,NA,76.15,86400
"2014-03-20 09:35:42.005",76.1,17200,NA,NA
"2014-03-20 09:35:42.191",76.1,15200,NA,NA
"2014-03-20 09:35:45.692",NA,NA,76.15,85600
"2014-03-20 09:35:50.751",NA,NA,76.15,84800
"2014-03-20 09:35:54.281",NA,NA,76.15,100800
"2014-03-20 09:35:55.128",76.1,28800,NA,NA
"2014-03-20 09:35:55.876",NA,NA,76.15,98800
"2014-03-20 09:35:57.015",76.05,67600,76.1,11200
"2014-03-20 09:35:57.017",NA,NA,76.1,12400
"2014-03-20 09:35:57.131",NA,NA,76.1,14400
"2014-03-20 09:35:57.202",NA,NA,76.1,16800
"2014-03-20 09:35:57.765",NA,NA,76.1,16400
"2014-03-20 09:35:58.025",NA,NA,76.1,59600
"2014-03-20 09:35:58.450",NA,NA,76.1,79600
"2014-03-20 09:35:59.278",NA,NA,76.1,83200
"2014-03-20 09:35:59.280",NA,NA,76.1,99200
"2014-03-20 09:36:00.096",76.05,80400,NA,NA
"2014-03-20 09:36:00.906",NA,NA,76.1,83200
"2014-03-20 09:36:04.925",NA,NA,76.1,94000
"2014-03-20 09:36:09.871",76.05,77200,NA,NA
"2014-03-20 09:36:11.220",NA,NA,76.1,92800
"2014-03-20 09:36:11.220",76.05,78400,NA,NA
"2014-03-20 09:36:11.781",NA,NA,76.1,94400
"2014-03-20 09:36:12.239",NA,NA,76.1,94000
"2014-03-20 09:36:12.827",76.05,81600,NA,NA
"2014-03-20 09:36:15.678",76.05,78400,NA,NA
"2014-03-20 09:36:16.227",76.05,81600,NA,NA
"2014-03-20 09:36:16.817",76.05,78400,NA,NA
"2014-03-20 09:36:18.313",NA,NA,76.1,93600
"2014-03-20 09:36:21.444",NA,NA,76.1,93200
"2014-03-20 09:36:21.476",NA,NA,76.1,103200
"2014-03-20 09:36:21.643",NA,NA,76.1,102400
"2014-03-20 09:36:21.843",NA,NA,76.1,102000
"2014-03-20 09:36:22.043",NA,NA,76.1,101600
"2014-03-20 09:36:22.243",NA,NA,76.1,99600
"2014-03-20 09:36:22.256",76.05,78000,NA,NA
"2014-03-20 09:36:22.445",NA,NA,76.1,99200
"2014-03-20 09:36:22.605",76.05,78800,NA,NA
"2014-03-20 09:36:23.006",NA,NA,76.1,98800
"2014-03-20 09:36:23.467",NA,NA,76.1,98400
"2014-03-20 09:36:24.176",NA,NA,76.1,97600
"2014-03-20 09:36:24.567",NA,NA,76.1,97200
"2014-03-20 09:36:25.753",76.05,78000,NA,NA
"2014-03-20 09:36:25.908",NA,NA,76.1,96400
"2014-03-20 09:36:25.929",76.05,77600,NA,NA
"2014-03-20 09:36:26.591",NA,NA,76.1,110800
"2014-03-20 09:36:26.622",76.05,77200,NA,NA
"2014-03-20 09:36:27.185",NA,NA,76.1,96400
"2014-03-20 09:36:28.039",NA,NA,76.1,98800
"2014-03-20 09:36:28.043",NA,NA,76.1,101600
"2014-03-20 09:36:28.131",NA,NA,76.1,100800
"2014-03-20 09:36:29.009",NA,NA,76.1,100400
"2014-03-20 09:36:29.920",NA,NA,76.1,1e+05
"2014-03-20 09:36:30.930",NA,NA,76.1,101200
"2014-03-20 09:36:31.963",NA,NA,76.1,1e+05
"2014-03-20 09:36:33.065",NA,NA,76.1,101600
"2014-03-20 09:36:33.994",76.05,86800,NA,NA
"2014-03-20 09:36:36.071",76.05,104400,NA,NA
"2014-03-20 09:36:39.127",NA,NA,76.1,101200
"2014-03-20 09:36:39.145",76.05,104000,NA,NA
"2014-03-20 09:36:39.219",76.05,104400,NA,NA
"2014-03-20 09:36:40.596",NA,NA,76.1,102800
"2014-03-20 09:36:41.149",76.05,86800,NA,NA
"2014-03-20 09:36:41.150",NA,NA,76.1,101200
"2014-03-20 09:36:43.568",76.05,87600,NA,NA
"2014-03-20 09:36:43.653",NA,NA,76.1,100400
"2014-03-20 09:36:48.508",76.05,88000,NA,NA
"2014-03-20 09:36:48.552",NA,NA,76.1,102800
"2014-03-20 09:36:49.651",NA,NA,76.1,72800
"2014-03-20 09:36:49.665",76.05,87600,NA,NA
"2014-03-20 09:36:49.673",76.05,84400,NA,NA
"2014-03-20 09:36:50.575",NA,NA,76.1,70000
"2014-03-20 09:36:53.128",NA,NA,76.1,69600
"2014-03-20 09:36:53.871",76.05,82800,NA,NA
"2014-03-20 09:36:55.085",76.05,81600,NA,NA
"2014-03-20 09:36:59.131",76.05,82800,NA,NA
"2014-03-20 09:37:04.548",NA,NA,76.1,49600
"2014-03-20 09:37:04.550",NA,NA,76.15,82400
"2014-03-20 09:37:04.552",76.05,81600,NA,NA
"2014-03-20 09:37:04.553",76.1,1200,NA,NA
"2014-03-20 09:37:04.574",76.1,800,NA,NA
"2014-03-20 09:37:04.661",NA,NA,76.15,84400
"2014-03-20 09:37:05.677",NA,NA,76.15,101200
"2014-03-20 09:37:06.681",NA,NA,76.15,106000
"2014-03-20 09:37:06.901",76.05,81600,NA,NA
"2014-03-20 09:37:06.903",NA,NA,76.1,8400
"2014-03-20 09:37:06.904",NA,NA,76.1,24400
"2014-03-20 09:37:06.919",NA,NA,76.1,25200
"2014-03-20 09:37:06.927",NA,NA,76.1,26800
"2014-03-20 09:37:06.933",NA,NA,76.1,31200
"2014-03-20 09:37:07.728",NA,NA,76.1,33200
"2014-03-20 09:37:07.768",NA,NA,76.1,17200
"2014-03-20 09:37:07.915",NA,NA,76.1,19200
"2014-03-20 09:37:08.817",NA,NA,76.1,10800
"2014-03-20 09:37:08.819",NA,NA,76.15,97600
"2014-03-20 09:37:08.900",NA,NA,76.15,101200
"2014-03-20 09:37:08.912",NA,NA,76.15,95600
"2014-03-20 09:37:08.918",NA,NA,76.15,92800
"2014-03-20 09:37:11.727",76.05,82000,NA,NA
"2014-03-20 09:37:13.498",76.05,82400,NA,NA
"2014-03-20 09:37:13.566",76.1,400,NA,NA
"2014-03-20 09:37:13.675",76.05,82400,76.1,6800
"2014-03-20 09:37:14.568",76.1,43200,76.15,101200
"2014-03-20 09:37:14.575",76.1,43600,NA,NA
"2014-03-20 09:37:14.589",NA,NA,76.15,92800
"2014-03-20 09:37:14.591",76.1,44000,NA,NA
"2014-03-20 09:37:14.773",76.1,45200,NA,NA
"2014-03-20 09:37:17.010",76.1,46000,NA,NA
"2014-03-20 09:37:18.618",76.1,55600,NA,NA
"2014-03-20 09:37:19.657",NA,NA,76.15,42800
"2014-03-20 09:37:19.659",76.1,68400,NA,NA
"2014-03-20 09:37:19.660",NA,NA,76.15,26800
"2014-03-20 09:37:19.668",76.1,68800,NA,NA
"2014-03-20 09:37:19.672",NA,NA,76.15,31200
"2014-03-20 09:37:19.711",NA,NA,76.15,33200
"2014-03-20 09:37:19.865",76.1,70800,NA,NA
"2014-03-20 09:37:20.537",76.1,66000,NA,NA
"2014-03-20 09:37:21.675",NA,NA,76.15,32000
"2014-03-20 09:37:25.500",76.1,66400,NA,NA
"2014-03-20 09:37:27.790",76.1,71600,NA,NA
"2014-03-20 09:37:28.354",76.1,72000,NA,NA
"2014-03-20 09:37:30.313",76.1,73600,NA,NA
"2014-03-20 09:37:30.524",76.1,74400,NA,NA
"2014-03-20 09:37:31.561",76.1,74800,NA,NA
"2014-03-20 09:37:36.258",76.1,73200,NA,NA
"2014-03-20 09:37:36.271",76.1,72800,NA,NA
"2014-03-20 09:37:42.013",76.1,75600,NA,NA
"2014-03-20 09:37:42.059",NA,NA,76.15,31200
"2014-03-20 09:37:42.076",NA,NA,76.15,30800
"2014-03-20 09:37:44.005",76.1,76800,NA,NA
"2014-03-20 09:37:44.552",76.1,77600,NA,NA
"2014-03-20 09:37:46.199",76.1,80800,NA,NA
"2014-03-20 09:37:46.257",76.1,84000,NA,NA
"2014-03-20 09:37:49.826",76.1,84400,NA,NA
"2014-03-20 09:37:50.250",NA,NA,76.15,30400
"2014-03-20 09:37:54.982",76.1,84000,NA,NA
"2014-03-20 09:37:54.982",NA,NA,76.15,30000
"2014-03-20 09:37:58.152",NA,NA,76.15,32400
"2014-03-20 09:37:58.565",76.1,83600,NA,NA
"2014-03-20 09:37:58.565",NA,NA,76.15,32000
"2014-03-20 09:37:59.313",NA,NA,76.15,31200
"2014-03-20 09:37:59.328",76.1,83200,NA,NA
"2014-03-20 09:38:01.130",NA,NA,76.15,30400
"2014-03-20 09:38:02.275",NA,NA,76.15,29600
"2014-03-20 09:38:02.767",76.1,84000,NA,NA
"2014-03-20 09:38:03.152",NA,NA,76.15,29200
"2014-03-20 09:38:04.767",NA,NA,76.15,28800
"2014-03-20 09:38:06.136",NA,NA,76.15,28400
"2014-03-20 09:38:08.640",76.1,84400,NA,NA
"2014-03-20 09:38:12.217",76.1,84000,NA,NA
"2014-03-20 09:38:14.403",76.1,84400,NA,NA
"2014-03-20 09:38:14.976",76.1,84800,NA,NA
"2014-03-20 09:38:16.860",76.1,86000,NA,NA
"2014-03-20 09:38:17.800",76.1,88000,NA,NA
"2014-03-20 09:38:19.774",NA,NA,76.15,28000
"2014-03-20 09:38:28.102",76.1,87200,NA,NA
"2014-03-20 09:38:32.645",NA,NA,76.15,32000
"2014-03-20 09:38:33.651",NA,NA,76.15,36400
"2014-03-20 09:38:38.660",76.1,67200,NA,NA
"2014-03-20 09:38:38.681",76.1,64800,NA,NA
"2014-03-20 09:38:38.687",76.1,74800,NA,NA
"2014-03-20 09:38:38.836",NA,NA,76.15,32400
"2014-03-20 09:38:38.852",76.1,74400,NA,NA
"2014-03-20 09:38:38.887",NA,NA,76.15,34400
"2014-03-20 09:38:39.047",NA,NA,76.15,32400
"2014-03-20 09:38:39.063",76.1,74000,NA,NA
"2014-03-20 09:38:39.832",NA,NA,76.15,34000
"2014-03-20 09:38:40.008",NA,NA,76.15,32800
"2014-03-20 09:38:40.022",NA,NA,76.15,31600
"2014-03-20 09:38:40.093",NA,NA,76.15,30800
"2014-03-20 09:38:40.112",76.1,73600,NA,NA
"2014-03-20 09:38:40.135",NA,NA,76.15,30000
"2014-03-20 09:38:41.144",76.1,83600,NA,NA
"2014-03-20 09:38:42.992",76.1,82800,NA,NA
"2014-03-20 09:38:43.128",76.1,83600,NA,NA
"2014-03-20 09:38:43.172",76.1,84400,NA,NA
"2014-03-20 09:38:47.951",NA,NA,76.15,32000
"2014-03-20 09:38:48.911",76.1,84800,NA,NA
"2014-03-20 09:38:49.320",NA,NA,76.15,33600
"2014-03-20 09:38:49.987",NA,NA,76.15,35600
"2014-03-20 09:38:50.284",76.1,86800,NA,NA
"2014-03-20 09:38:51.002",NA,NA,76.15,37600
"2014-03-20 09:38:52.023",76.1,103200,NA,NA
"2014-03-20 09:38:52.878",NA,NA,76.15,38800
"2014-03-20 09:38:57.297",NA,NA,76.15,54800
"2014-03-20 09:38:57.313",NA,NA,76.15,57600
"2014-03-20 09:38:57.319",NA,NA,76.15,57200
"2014-03-20 09:38:57.377",NA,NA,76.15,58800
"2014-03-20 09:38:57.848",76.1,102000,NA,NA
"2014-03-20 09:38:58.057",76.1,101600,NA,NA
"2014-03-20 09:38:58.071",76.1,101200,NA,NA
"2014-03-20 09:38:58.345",76.1,102000,NA,NA
"2014-03-20 09:38:58.421",76.1,102800,NA,NA
"2014-03-20 09:38:58.494",NA,NA,76.15,58400
"2014-03-20 09:38:59.408",76.1,104800,NA,NA
"2014-03-20 09:39:01.996",NA,NA,76.15,57600
"2014-03-20 09:39:02.065",NA,NA,76.15,59600
"2014-03-20 09:39:02.816",NA,NA,76.15,43600
"2014-03-20 09:39:03.992",76.1,105200,NA,NA
"2014-03-20 09:39:04.012",NA,NA,76.15,42000
"2014-03-20 09:39:05.169",76.1,92400,NA,NA
"2014-03-20 09:39:05.498",NA,NA,76.15,42400
"2014-03-20 09:39:07.565",76.1,112400,NA,NA
"2014-03-20 09:39:08.011",NA,NA,76.15,42000
"2014-03-20 09:39:08.364",76.1,110400,NA,NA
"2014-03-20 09:39:08.382",76.1,110000,NA,NA
"2014-03-20 09:39:08.857",NA,NA,76.15,41600
"2014-03-20 09:39:11.338",NA,NA,76.15,43600
"2014-03-20 09:39:13.047",NA,NA,76.15,43200
"2014-03-20 09:39:15.267",NA,NA,76.15,42800
"2014-03-20 09:39:16.352",76.1,108000,NA,NA
"2014-03-20 09:39:17.415",76.1,109200,NA,NA
"2014-03-20 09:39:18.005",76.1,109600,NA,NA
"2014-03-20 09:39:19.090",NA,NA,76.15,42400
"2014-03-20 09:39:19.109",76.1,109200,NA,NA
"2014-03-20 09:39:22.031",NA,NA,76.15,58400
"2014-03-20 09:39:23.903",NA,NA,76.15,60800
"2014-03-20 09:39:25.126",76.1,122000,NA,NA
"2014-03-20 09:39:25.133",NA,NA,76.15,60400
"2014-03-20 09:39:25.529",76.1,122400,NA,NA
"2014-03-20 09:39:27.206",76.1,123200,NA,NA
"2014-03-20 09:39:27.779",NA,NA,76.15,60000
"2014-03-20 09:39:27.794",NA,NA,76.15,59600
"2014-03-20 09:39:27.994",76.1,122800,NA,NA
"2014-03-20 09:39:28.750",NA,NA,76.15,58800
"2014-03-20 09:39:31.599",NA,NA,76.15,60400
"2014-03-20 09:39:33.244",76.1,110000,NA,NA
"2014-03-20 09:39:34.289",NA,NA,76.15,59600
"2014-03-20 09:39:36.685",NA,NA,76.15,59200
"2014-03-20 09:39:36.709",NA,NA,76.15,60800
"2014-03-20 09:39:37.108",NA,NA,76.15,60400
"2014-03-20 09:39:37.128",76.1,109600,NA,NA
"2014-03-20 09:39:37.359",NA,NA,76.15,44400
"2014-03-20 09:39:37.892",NA,NA,76.15,48400
"2014-03-20 09:39:38.575",NA,NA,76.15,68800
"2014-03-20 09:39:38.713",NA,NA,76.15,67600
"2014-03-20 09:39:38.731",NA,NA,76.15,72000
"2014-03-20 09:39:39.046",NA,NA,76.15,75200
"2014-03-20 09:39:40.260",NA,NA,76.15,76400
"2014-03-20 09:39:40.822",NA,NA,76.15,78000
"2014-03-20 09:39:41.908",NA,NA,76.15,80000
"2014-03-20 09:39:42.639",76.1,111600,NA,NA
"2014-03-20 09:39:43.711",NA,NA,76.15,102000
"2014-03-20 09:39:44.799",NA,NA,76.15,96800
"2014-03-20 09:39:46.726",NA,NA,76.15,95600
"2014-03-20 09:39:46.732",NA,NA,76.15,91200
"2014-03-20 09:39:46.749",76.1,122400,NA,NA
"2014-03-20 09:39:47.842",NA,NA,76.15,90800
"2014-03-20 09:39:53.327",NA,NA,76.15,90400
"2014-03-20 09:39:53.329",76.1,135200,NA,NA
"2014-03-20 09:39:53.573",NA,NA,76.15,89600
"2014-03-20 09:39:53.634",NA,NA,76.15,89200
"2014-03-20 09:39:53.682",NA,NA,76.15,91200
"2014-03-20 09:39:54.093",NA,NA,76.15,90400
"2014-03-20 09:39:54.819",NA,NA,76.15,89600
"2014-03-20 09:39:57.427",NA,NA,76.15,88400
"2014-03-20 09:39:57.475",NA,NA,76.15,90800
"2014-03-20 09:39:59.095",NA,NA,76.15,92800
"2014-03-20 09:40:00.609",76.1,115200,NA,NA
"2014-03-20 09:40:00.609",NA,NA,76.15,72800
"2014-03-20 09:40:00.657",NA,NA,76.15,79200
"2014-03-20 09:40:00.689",76.1,114800,NA,NA
"2014-03-20 09:40:00.691",76.1,114400,NA,NA
"2014-03-20 09:40:00.691",76.1,114000,NA,NA
"2014-03-20 09:40:00.704",76.1,113600,NA,NA
"2014-03-20 09:40:01.391",NA,NA,76.15,81600
"2014-03-20 09:40:01.522",NA,NA,76.15,83600
"2014-03-20 09:40:06.375",76.1,115600,NA,NA
"2014-03-20 09:40:06.648",76.1,102800,NA,NA
"2014-03-20 09:40:10.004",NA,NA,76.15,84800
"2014-03-20 09:40:13.511",NA,NA,76.15,84400
"2014-03-20 09:40:13.522",NA,NA,76.15,93600
"2014-03-20 09:40:14.365",NA,NA,76.15,92800
"2014-03-20 09:40:17.689",76.1,103200,NA,NA
"2014-03-20 09:40:18.283",76.1,103600,NA,NA
"2014-03-20 09:40:19.202",76.1,104000,NA,NA
"2014-03-20 09:40:21.669",76.1,104800,NA,NA
"2014-03-20 09:40:22.502",NA,NA,76.15,92400
"2014-03-20 09:40:22.549",NA,NA,76.15,91600
"2014-03-20 09:40:22.640",NA,NA,76.15,91200
"2014-03-20 09:40:23.145",NA,NA,76.15,91600
"2014-03-20 09:40:23.530",NA,NA,76.15,91200
"2014-03-20 09:40:24.522",NA,NA,76.15,90800
"2014-03-20 09:40:27.123",NA,NA,76.15,68800
"2014-03-20 09:40:28.532",NA,NA,76.15,66400
"2014-03-20 09:40:30.679",76.1,105200,NA,NA
"2014-03-20 09:40:31.592",76.1,105600,NA,NA
"2014-03-20 09:40:32.394",NA,NA,76.15,30400
"2014-03-20 09:40:32.415",76.1,105200,NA,NA
"2014-03-20 09:40:32.422",76.1,104800,NA,NA
"2014-03-20 09:40:32.423",76.1,104400,NA,NA
"2014-03-20 09:40:32.424",76.1,104000,NA,NA
"2014-03-20 09:40:32.424",76.1,101600,NA,NA
"2014-03-20 09:40:32.437",76.1,101200,NA,NA
"2014-03-20 09:40:32.540",NA,NA,76.15,24000
"2014-03-20 09:40:32.558",76.1,103200,NA,NA
"2014-03-20 09:40:32.590",NA,NA,76.15,20000
"2014-03-20 09:40:33.543",NA,NA,76.15,20400
"2014-03-20 09:40:33.629",NA,NA,76.15,25200
"2014-03-20 09:40:33.653",NA,NA,76.15,24400
"2014-03-20 09:40:33.660",NA,NA,76.15,30800
"2014-03-20 09:40:33.674",76.1,102800,NA,NA
"2014-03-20 09:40:33.695",NA,NA,76.15,30000
"2014-03-20 09:40:34.549",NA,NA,76.15,33200
"2014-03-20 09:40:34.685",NA,NA,76.15,55200
"2014-03-20 09:40:34.705",NA,NA,76.15,45200
"2014-03-20 09:40:34.722",76.1,102400,NA,NA
"2014-03-20 09:40:34.730",76.1,102000,NA,NA
"2014-03-20 09:40:34.730",76.1,101600,NA,NA
"2014-03-20 09:40:34.759",NA,NA,76.15,47200
"2014-03-20 09:40:34.772",NA,NA,76.15,48400
"2014-03-20 09:40:34.931",NA,NA,76.15,47200
"2014-03-20 09:40:34.982",NA,NA,76.15,49200
"2014-03-20 09:40:35.032",76.1,85200,NA,NA
"2014-03-20 09:40:35.032",NA,NA,76.15,32800
"2014-03-20 09:40:35.033",NA,NA,76.15,10800
"2014-03-20 09:40:35.042",NA,NA,76.15,10400
"2014-03-20 09:40:35.058",76.1,84800,NA,NA
"2014-03-20 09:40:35.066",76.1,84400,NA,NA
"2014-03-20 09:40:35.067",76.1,84000,NA,NA
"2014-03-20 09:40:35.067",76.1,83600,NA,NA
"2014-03-20 09:40:35.737",76.1,83200,NA,NA
"2014-03-20 09:40:36.552",NA,NA,76.15,8000
"2014-03-20 09:40:36.633",NA,NA,76.15,8400
"2014-03-20 09:40:36.692",NA,NA,76.15,7600
"2014-03-20 09:40:36.733",76.1,82400,NA,NA
"2014-03-20 09:40:36.733",NA,NA,76.15,6800
"2014-03-20 09:40:38.560",NA,NA,76.15,6400
"2014-03-20 09:40:40.242",76.15,39600,76.2,41200
"2014-03-20 09:40:40.243",NA,NA,76.2,63200
"2014-03-20 09:40:40.250",76.15,40000,NA,NA
"2014-03-20 09:40:40.254",76.15,42000,NA,NA
"2014-03-20 09:40:40.265",76.15,41600,NA,NA
"2014-03-20 09:40:40.266",NA,NA,76.2,62800
"2014-03-20 09:40:40.388",76.15,42000,NA,NA
"2014-03-20 09:40:40.402",NA,NA,76.2,64800
"2014-03-20 09:40:40.432",76.15,44000,NA,NA
"2014-03-20 09:40:40.673",76.15,42000,NA,NA
"2014-03-20 09:40:41.304",NA,NA,76.2,66800
"2014-03-20 09:40:41.428",NA,NA,76.2,72800
"2014-03-20 09:40:41.767",NA,NA,76.2,73600
"2014-03-20 09:40:42.267",NA,NA,76.2,72400
"2014-03-20 09:40:42.285",NA,NA,76.2,77200
"2014-03-20 09:40:43.545",76.15,41600,NA,NA
"2014-03-20 09:40:43.753",NA,NA,76.2,76800
"2014-03-20 09:40:43.769",76.15,41200,NA,NA
"2014-03-20 09:40:44.443",76.15,55200,NA,NA
"2014-03-20 09:40:44.614",76.15,56000,NA,NA
"2014-03-20 09:40:45.038",NA,NA,76.2,78000
"2014-03-20 09:40:50.145",NA,NA,76.2,56000
"2014-03-20 09:40:50.160",NA,NA,76.2,53600
"2014-03-20 09:40:50.679",NA,NA,76.2,52000
"2014-03-20 09:40:52.074",NA,NA,76.2,51200
"2014-03-20 09:40:52.167",NA,NA,76.2,50800
"2014-03-20 09:40:52.581",76.15,56400,NA,NA
"2014-03-20 09:40:55.732",76.15,58400,NA,NA
"2014-03-20 09:40:55.801",76.15,60400,NA,NA
"2014-03-20 09:40:57.152",76.15,90400,NA,NA
"2014-03-20 09:40:57.952",NA,NA,76.2,72800
"2014-03-20 09:40:57.959",76.15,91200,NA,NA
"2014-03-20 09:40:58.365",NA,NA,76.2,74800
"2014-03-20 09:41:00.352",NA,NA,76.2,76000
"2014-03-20 09:41:04.090",NA,NA,76.2,75200
"2014-03-20 09:41:04.282",NA,NA,76.2,74000
"2014-03-20 09:41:04.285",NA,NA,76.2,73600
"2014-03-20 09:41:06.097",76.15,92800,NA,NA
"2014-03-20 09:41:06.248",76.15,94400,NA,NA
"2014-03-20 09:41:07.635",NA,NA,76.2,73200
"2014-03-20 09:41:08.114",NA,NA,76.2,71200
"2014-03-20 09:41:08.120",NA,NA,76.2,68800
"2014-03-20 09:41:10.974",76.15,93600,NA,NA
"2014-03-20 09:41:10.974",NA,NA,76.2,68000
"2014-03-20 09:41:12.069",NA,NA,76.2,71200
"2014-03-20 09:41:13.258",NA,NA,76.2,73200
"2014-03-20 09:41:16.228",76.15,93200,NA,NA
"2014-03-20 09:41:16.371",NA,NA,76.2,75600
"2014-03-20 09:41:21.371",76.15,94400,NA,NA
"2014-03-20 09:41:23.448",76.15,94800,NA,NA
"2014-03-20 09:41:25.239",NA,NA,76.2,77600
"2014-03-20 09:41:28.397",NA,NA,76.2,79600
"2014-03-20 09:41:35.565",NA,NA,76.2,79200
"2014-03-20 09:41:35.602",NA,NA,76.2,88000
"2014-03-20 09:41:36.670",NA,NA,76.2,89600
"2014-03-20 09:41:39.183",76.15,85200,NA,NA
"2014-03-20 09:41:39.195",76.15,84400,NA,NA
"2014-03-20 09:41:41.359",76.15,81200,NA,NA
"2014-03-20 09:41:41.371",76.15,80800,NA,NA
"2014-03-20 09:41:41.527",NA,NA,76.2,79600
"2014-03-20 09:41:41.544",76.15,80000,NA,NA
"2014-03-20 09:41:41.552",76.15,79600,NA,NA
"2014-03-20 09:41:41.552",NA,NA,76.2,78400
"2014-03-20 09:41:41.888",76.15,75600,NA,NA
"2014-03-20 09:41:41.905",76.15,75200,NA,NA
"2014-03-20 09:41:42.248",NA,NA,76.2,76400
"2014-03-20 09:41:42.270",76.15,74800,NA,NA
"2014-03-20 09:41:43.117",NA,NA,76.2,78000
"2014-03-20 09:41:44.305",NA,NA,76.2,77200
"2014-03-20 09:41:46.181",NA,NA,76.2,79200
"2014-03-20 09:41:46.269",NA,NA,76.2,80000
"2014-03-20 09:41:46.653",NA,NA,76.2,79200
"2014-03-20 09:41:46.812",NA,NA,76.2,78400
"2014-03-20 09:41:52.016",76.15,71600,NA,NA
"2014-03-20 09:41:52.029",76.15,71200,NA,NA
"2014-03-20 09:41:53.670",NA,NA,76.2,78000
"2014-03-20 09:41:54.908",NA,NA,76.2,77600
"2014-03-20 09:41:55.154",76.15,86800,NA,NA
"2014-03-20 09:41:55.794",NA,NA,76.2,77200
"2014-03-20 09:41:57.140",NA,NA,76.2,76800
"2014-03-20 09:41:57.159",76.15,86400,NA,NA
"2014-03-20 09:41:58.432",NA,NA,76.2,78800
"2014-03-20 09:41:58.974",76.15,86800,NA,NA
"2014-03-20 09:41:59.849",76.15,87200,NA,NA
"2014-03-20 09:42:02.589",76.15,1e+05,NA,NA
"2014-03-20 09:42:02.591",NA,NA,76.2,63600
"2014-03-20 09:42:02.608",NA,NA,76.2,62000
"2014-03-20 09:42:03.032",NA,NA,76.2,61600
"2014-03-20 09:42:03.614",76.15,87200,NA,NA
"2014-03-20 09:42:05.019",NA,NA,76.2,77600
"2014-03-20 09:42:06.631",NA,NA,76.2,78000
"2014-03-20 09:42:09.858",NA,NA,76.2,80000
"2014-03-20 09:42:10.688",76.15,86400,NA,NA
"2014-03-20 09:42:12.826",NA,NA,76.2,79600
"2014-03-20 09:42:19.932",76.15,99200,NA,NA
"2014-03-20 09:42:21.894",NA,NA,76.2,79200
"2014-03-20 09:42:25.234",76.15,98000,NA,NA
"2014-03-20 09:42:26.759",76.15,96800,NA,NA
"2014-03-20 09:42:30.974",76.15,84000,NA,NA
"2014-03-20 09:42:32.257",NA,NA,76.2,78400
"2014-03-20 09:42:32.269",76.15,83600,NA,NA
"2014-03-20 09:42:33.605",NA,NA,76.2,78000
"2014-03-20 09:42:34.057",76.15,84000,NA,NA
"2014-03-20 09:42:36.416",76.15,84800,NA,NA
"2014-03-20 09:42:38.000",NA,NA,76.2,77600
"2014-03-20 09:42:39.488",NA,NA,76.2,76400
"2014-03-20 09:42:40.355",NA,NA,76.2,75600
"2014-03-20 09:42:43.344",NA,NA,76.2,75200
"2014-03-20 09:42:43.358",76.15,84400,NA,NA
"2014-03-20 09:42:43.760",76.15,97200,NA,NA
"2014-03-20 09:42:44.598",NA,NA,76.2,81600
"2014-03-20 09:42:45.101",76.15,107600,NA,NA
"2014-03-20 09:42:45.386",NA,NA,76.2,112400
"2014-03-20 09:42:45.395",76.15,108400,NA,NA
"2014-03-20 09:42:45.455",NA,NA,76.2,115200
"2014-03-20 09:42:45.504",NA,NA,76.2,121600
"2014-03-20 09:42:45.635",NA,NA,76.2,115200
"2014-03-20 09:42:45.635",76.15,102000,NA,NA
"2014-03-20 09:42:45.636",NA,NA,76.2,108800
"2014-03-20 09:42:45.636",76.15,95600,NA,NA
"2014-03-20 09:42:45.637",NA,NA,76.2,78000
"2014-03-20 09:42:45.637",76.15,64800,NA,NA
"2014-03-20 09:42:45.650",76.15,64400,NA,NA
"2014-03-20 09:42:45.657",76.15,64000,NA,NA
"2014-03-20 09:42:45.658",76.15,63600,NA,NA
"2014-03-20 09:42:45.659",76.15,62000,NA,NA
"2014-03-20 09:42:45.659",76.15,61600,NA,NA
"2014-03-20 09:42:45.660",76.15,61200,NA,NA
"2014-03-20 09:42:45.761",76.15,60000,NA,NA
"2014-03-20 09:42:45.900",NA,NA,76.2,84000
"2014-03-20 09:42:45.992",76.15,57600,NA,NA
"2014-03-20 09:42:45.997",NA,NA,76.2,82400
"2014-03-20 09:42:46.474",76.15,44800,NA,NA
"2014-03-20 09:42:46.475",NA,NA,76.2,81200
"2014-03-20 09:42:46.475",76.15,40400,NA,NA
"2014-03-20 09:42:46.488",76.15,39600,NA,NA
"2014-03-20 09:42:46.952",76.15,41600,NA,NA
"2014-03-20 09:42:46.955",76.15,43600,NA,NA
"2014-03-20 09:42:47.565",76.15,40000,NA,NA
"2014-03-20 09:42:47.585",76.15,39600,NA,NA
"2014-03-20 09:42:48.513",76.15,40400,NA,NA
"2014-03-20 09:42:48.649",76.15,41200,NA,NA
"2014-03-20 09:42:48.881",76.15,40000,NA,NA
"2014-03-20 09:42:51.923",76.15,41200,NA,NA
"2014-03-20 09:42:51.970",76.15,35600,NA,NA
"2014-03-20 09:42:51.992",76.15,35200,NA,NA
"2014-03-20 09:42:52.087",NA,NA,76.2,150000
"2014-03-20 09:42:52.118",NA,NA,76.2,160000
"2014-03-20 09:42:52.132",NA,NA,76.2,161200
"2014-03-20 09:42:52.822",76.15,2400,NA,NA
"2014-03-20 09:42:52.824",76.1,64800,76.15,11200
"2014-03-20 09:42:52.826",NA,NA,76.15,27200
"2014-03-20 09:42:52.826",NA,NA,76.15,49200
"2014-03-20 09:42:52.826",NA,NA,76.15,50400
"2014-03-20 09:42:52.834",NA,NA,76.15,119200
"2014-03-20 09:42:52.834",NA,NA,76.15,125200
"2014-03-20 09:42:52.843",NA,NA,76.15,56400
"2014-03-20 09:42:52.844",76.05,102800,76.1,4000
"2014-03-20 09:42:52.844",NA,NA,76.1,10000
"2014-03-20 09:42:52.845",76.05,103200,NA,NA
"2014-03-20 09:42:52.846",NA,NA,76.1,11200
"2014-03-20 09:42:52.846",NA,NA,76.1,33200
"2014-03-20 09:42:52.856",76.05,90400,NA,NA
"2014-03-20 09:42:52.883",NA,NA,76.1,33600
"2014-03-20 09:42:52.890",NA,NA,76.1,34000
"2014-03-20 09:42:52.891",NA,NA,76.1,30000
"2014-03-20 09:42:52.892",76.05,21600,NA,NA
"2014-03-20 09:42:52.892",NA,NA,76.1,39200
"2014-03-20 09:42:52.894",NA,NA,76.1,33200
"2014-03-20 09:42:52.894",76.05,15600,NA,NA
"2014-03-20 09:42:52.993",76.05,17600,NA,NA
"2014-03-20 09:42:53.027",NA,NA,76.1,34800
"2014-03-20 09:42:53.049",76.05,19600,NA,NA
"2014-03-20 09:42:53.051",76.1,30000,76.15,65200
"2014-03-20 09:42:53.053",76.1,34000,NA,NA
"2014-03-20 09:42:53.053",76.1,34400,NA,NA
"2014-03-20 09:42:53.069",76.1,4400,NA,NA
"2014-03-20 09:42:53.069",NA,NA,76.15,400
"2014-03-20 09:42:53.612",76.1,2800,NA,NA
"2014-03-20 09:42:53.617",76.1,1600,NA,NA
"2014-03-20 09:42:53.620",76.05,19200,76.1,400
"2014-03-20 09:42:53.939",76.05,15200,NA,NA
"2014-03-20 09:42:55.887",76.05,3200,NA,NA
"2014-03-20 09:42:55.906",76.05,2800,NA,NA
"2014-03-20 09:42:55.907",76.05,2400,NA,NA
"2014-03-20 09:42:55.911",76.05,2000,NA,NA
"2014-03-20 09:42:56.014",76.05,1200,NA,NA
"2014-03-20 09:42:56.020",76,668800,NA,NA
"2014-03-20 09:42:56.022",76.05,800,NA,NA
"2014-03-20 09:42:56.024",76,668800,NA,NA
"2014-03-20 09:42:56.060",76,661600,NA,NA
"2014-03-20 09:42:56.073",NA,NA,76.1,800
"2014-03-20 09:42:57.052",76,663600,NA,NA
"2014-03-20 09:42:57.057",76.1,5600,76.15,3600
"2014-03-20 09:42:57.073",NA,NA,76.15,4000
"2014-03-20 09:42:57.133",NA,NA,76.15,6800
"2014-03-20 09:42:58.518",NA,NA,76.15,12800
"2014-03-20 09:42:59.095",NA,NA,76.15,13600
"2014-03-20 09:42:59.675",76.1,6400,NA,NA
"2014-03-20 09:43:00.381",NA,NA,76.15,18400
"2014-03-20 09:43:01.055",76,663600,NA,NA
"2014-03-20 09:43:01.056",76,670400,NA,NA
"2014-03-20 09:43:01.056",76,670800,NA,NA
"2014-03-20 09:43:01.056",76,680000,NA,NA
"2014-03-20 09:43:01.063",76.05,2800,NA,NA
"2014-03-20 09:43:01.136",NA,NA,76.15,19600
"2014-03-20 09:43:01.976",76.1,400,NA,NA
"2014-03-20 09:43:01.997",76.1,2400,NA,NA
"2014-03-20 09:43:03.122",NA,NA,76.15,20800
"2014-03-20 09:43:05.374",NA,NA,76.15,21200
"2014-03-20 09:43:05.846",NA,NA,76.15,20800
"2014-03-20 09:43:06.048",76.05,2800,NA,NA
"2014-03-20 09:43:06.049",NA,NA,76.15,19600
"2014-03-20 09:43:06.051",NA,NA,76.1,1200
"2014-03-20 09:43:06.053",76.05,4400,NA,NA
"2014-03-20 09:43:06.193",NA,NA,76.1,4000
"2014-03-20 09:43:06.211",NA,NA,76.1,4400
"2014-03-20 09:43:09.364",NA,NA,76.1,6400
"2014-03-20 09:43:09.812",NA,NA,76.1,6000
"2014-03-20 09:43:09.964",76.05,44400,NA,NA
"2014-03-20 09:43:09.966",NA,NA,76.1,18000
"2014-03-20 09:43:10.225",NA,NA,76.1,19200
"2014-03-20 09:43:10.547",NA,NA,76.1,20800
"2014-03-20 09:43:10.675",NA,NA,76.1,25600
"2014-03-20 09:43:11.039",76.05,36800,NA,NA
"2014-03-20 09:43:11.049",76.05,36400,NA,NA
"2014-03-20 09:43:11.050",76.05,36000,NA,NA
"2014-03-20 09:43:11.058",76.05,35600,NA,NA
"2014-03-20 09:43:11.689",NA,NA,76.1,15600
"2014-03-20 09:43:12.231",NA,NA,76.1,14400
"2014-03-20 09:43:12.760",76.15,3200,76.2,12400
"2014-03-20 09:43:12.763",NA,NA,76.2,17600
"2014-03-20 09:43:12.774",76.15,2800,NA,NA
"2014-03-20 09:43:12.779",76.15,2400,NA,NA
"2014-03-20 09:43:12.780",76.15,2000,NA,NA
"2014-03-20 09:43:12.780",76.15,1600,NA,NA
"2014-03-20 09:43:12.781",76.15,800,NA,NA
"2014-03-20 09:43:12.784",76.15,400,NA,NA
"2014-03-20 09:43:12.785",NA,NA,76.2,14800
"2014-03-20 09:43:12.910",NA,NA,76.2,19200
"2014-03-20 09:43:12.910",NA,NA,76.2,25600
"2014-03-20 09:43:12.924",NA,NA,76.2,28800
"2014-03-20 09:43:12.936",76.15,2400,NA,NA
"2014-03-20 09:43:12.938",76.05,35600,NA,NA
"2014-03-20 09:43:12.957",NA,NA,76.15,1200
"2014-03-20 09:43:13.255",NA,NA,76.2,22000
"2014-03-20 09:43:13.255",NA,NA,76.2,23200
"2014-03-20 09:43:13.301",NA,NA,76.2,18800
"2014-03-20 09:43:13.762",NA,NA,76.2,13600
"2014-03-20 09:43:13.764",NA,NA,76.2,23600
"2014-03-20 09:43:13.766",76.05,48400,NA,NA
"2014-03-20 09:43:13.774",NA,NA,76.2,20800
"2014-03-20 09:43:13.787",NA,NA,76.2,20000
"2014-03-20 09:43:14.079",NA,NA,76.2,20400
"2014-03-20 09:43:14.316",NA,NA,76.2,34000
"2014-03-20 09:43:15.520",76.1,800,NA,NA
"2014-03-20 09:43:16.379",NA,NA,76.2,33200
"2014-03-20 09:43:16.395",76.05,48400,NA,NA
"2014-03-20 09:43:17.779",NA,NA,76.15,20800
"2014-03-20 09:43:17.847",76.1,400,NA,NA
"2014-03-20 09:43:18.729",NA,NA,76.15,22000
"2014-03-20 09:43:19.119",76.05,38000,76.1,20400
"2014-03-20 09:43:19.216",NA,NA,76.1,21600
"2014-03-20 09:43:19.430",NA,NA,76.1,35200
"2014-03-20 09:43:19.613",76.05,40000,NA,NA
"2014-03-20 09:43:23.019",76.05,40400,NA,NA
"2014-03-20 09:43:23.038",76.05,40800,NA,NA
"2014-03-20 09:43:28.012",NA,NA,76.1,36400
"2014-03-20 09:43:28.557",NA,NA,76.1,44800
"2014-03-20 09:43:28.708",NA,NA,76.1,46000
"2014-03-20 09:43:29.730",76.05,40000,NA,NA
"2014-03-20 09:43:31.546",NA,NA,76.1,42000
"2014-03-20 09:43:32.718",76.05,39600,NA,NA
"2014-03-20 09:43:35.525",NA,NA,76.1,41600
"2014-03-20 09:43:39.806",NA,NA,76.1,42000
"2014-03-20 09:43:40.527",NA,NA,76.1,41600
"2014-03-20 09:43:40.530",NA,NA,76.1,51600
"2014-03-20 09:43:43.403",NA,NA,76.1,51200
"2014-03-20 09:43:44.542",NA,NA,76.1,50800
"2014-03-20 09:43:47.127",76.05,4800,NA,NA
"2014-03-20 09:43:47.143",76.05,1200,NA,NA
"2014-03-20 09:43:47.160",76.05,800,NA,NA
"2014-03-20 09:43:47.221",76,713200,76.05,1200
"2014-03-20 09:43:47.224",NA,NA,76.05,2400
"2014-03-20 09:43:47.311",76,715200,NA,NA
"2014-03-20 09:43:47.731",NA,NA,76.05,1600
"2014-03-20 09:43:47.865",NA,NA,76.1,49600
"2014-03-20 09:43:47.876",NA,NA,76.1,54800
"2014-03-20 09:43:48.016",NA,NA,76.05,400
"2014-03-20 09:43:50.011",76,715600,NA,NA
"2014-03-20 09:43:50.317",NA,NA,76.05,14000
"2014-03-20 09:43:50.320",76,714800,NA,NA
"2014-03-20 09:43:50.334",NA,NA,76.05,15200
"2014-03-20 09:43:50.386",NA,NA,76.05,16400
"2014-03-20 09:43:50.402",76,715200,NA,NA
"2014-03-20 09:43:51.540",NA,NA,76.05,15600
"2014-03-20 09:43:52.623",76,717200,NA,NA
"2014-03-20 09:43:56.217",76,718000,NA,NA
"2014-03-20 09:43:58.590",NA,NA,76.05,27600
"2014-03-20 09:43:58.610",NA,NA,76.05,29200
"2014-03-20 09:43:59.623",76,718400,NA,NA
"2014-03-20 09:44:00.744",NA,NA,76.05,29600
"2014-03-20 09:44:01.754",76,722400,NA,NA
"2014-03-20 09:44:03.141",NA,NA,76.05,32800
"2014-03-20 09:44:04.267",NA,NA,76.05,32000
"2014-03-20 09:44:05.563",76,723600,NA,NA
"2014-03-20 09:44:10.675",NA,NA,76.05,26000
"2014-03-20 09:44:10.688",NA,NA,76.05,25600
"2014-03-20 09:44:12.428",76,723200,NA,NA
"2014-03-20 09:44:13.259",76,724000,NA,NA
"2014-03-20 09:44:17.133",NA,NA,76.05,24800
"2014-03-20 09:44:17.466",NA,NA,76.05,25600
"2014-03-20 09:44:18.736",76,723600,NA,NA
"2014-03-20 09:44:18.793",76,723200,NA,NA
"2014-03-20 09:44:19.545",NA,NA,76.05,24800
"2014-03-20 09:44:19.755",NA,NA,76.05,24400
"2014-03-20 09:44:19.810",NA,NA,76.05,24000
"2014-03-20 09:44:20.751",76,725200,NA,NA
"2014-03-20 09:44:28.609",NA,NA,76.05,26400
"2014-03-20 09:44:28.685",76,723200,NA,NA
"2014-03-20 09:44:28.706",76,722800,NA,NA
"2014-03-20 09:44:28.767",76,722000,NA,NA
"2014-03-20 09:44:28.891",76,724000,NA,NA
"2014-03-20 09:44:28.913",76,723200,NA,NA
"2014-03-20 09:44:30.581",NA,NA,76.05,25600
"2014-03-20 09:44:32.088",NA,NA,76.05,26800
"2014-03-20 09:44:33.821",76,723600,NA,NA
"2014-03-20 09:44:34.715",NA,NA,76.05,36800
"2014-03-20 09:44:35.022",NA,NA,76.05,36400
"2014-03-20 09:44:35.042",76,723200,NA,NA
"2014-03-20 09:44:36.351",NA,NA,76.05,36000
"2014-03-20 09:44:37.189",NA,NA,76.05,35600
"2014-03-20 09:44:38.718",NA,NA,76.05,34000
"2014-03-20 09:44:38.785",NA,NA,76.05,33600
"2014-03-20 09:44:38.808",NA,NA,76.05,23600
"2014-03-20 09:44:40.240",NA,NA,76.05,54000
"2014-03-20 09:44:40.246",76,724400,NA,NA
"2014-03-20 09:44:40.254",NA,NA,76.05,53200
"2014-03-20 09:44:40.307",NA,NA,76.05,54800
"2014-03-20 09:44:40.668",NA,NA,76.05,54000
"2014-03-20 09:44:40.697",NA,NA,76.05,76000
"2014-03-20 09:44:40.699",76,711600,NA,NA
"2014-03-20 09:44:40.737",NA,NA,76.05,74800
"2014-03-20 09:44:40.898",76,712400,NA,NA
"2014-03-20 09:44:41.433",NA,NA,76.05,85200
"2014-03-20 09:44:43.921",NA,NA,76.05,84800
"2014-03-20 09:44:46.545",NA,NA,76.05,84400
"2014-03-20 09:44:49.724",NA,NA,76.05,86000
"2014-03-20 09:44:50.066",NA,NA,76.05,85200
"2014-03-20 09:44:50.117",NA,NA,76.05,87600
"2014-03-20 09:44:50.153",NA,NA,76.05,85600
"2014-03-20 09:44:50.172",76,712000,NA,NA
"2014-03-20 09:44:50.220",76,711600,NA,NA
"2014-03-20 09:44:50.981",NA,NA,76.05,75200
"2014-03-20 09:44:51.217",NA,NA,76.05,74800
"2014-03-20 09:44:51.245",NA,NA,76.05,74400
"2014-03-20 09:44:52.168",NA,NA,76.05,84800
"2014-03-20 09:44:52.335",76,712800,NA,NA
"2014-03-20 09:44:54.008",76,714000,NA,NA
"2014-03-20 09:44:56.092",76,724400,NA,NA
"2014-03-20 09:44:57.977",76,724000,NA,NA
"2014-03-20 09:44:57.996",NA,NA,76.05,84400
"2014-03-20 09:45:00.780",NA,NA,76.05,105200
"2014-03-20 09:45:02.444",NA,NA,76.05,126000
"2014-03-20 09:45:04.222",NA,NA,76.05,104000
"2014-03-20 09:45:04.458",76,724400,NA,NA
"2014-03-20 09:45:05.902",NA,NA,76.05,94000
"2014-03-20 09:45:05.921",76,724000,NA,NA
"2014-03-20 09:45:05.922",76,723600,NA,NA
"2014-03-20 09:45:06.828",NA,NA,76.05,104400
"2014-03-20 09:45:07.319",NA,NA,76.05,104800
"2014-03-20 09:45:07.740",76,736400,NA,NA
"2014-03-20 09:45:07.907",76,737600,NA,NA
"2014-03-20 09:45:08.001",76,738000,NA,NA
"2014-03-20 09:45:08.096",NA,NA,76.05,140000
"2014-03-20 09:45:08.166",NA,NA,76.05,138400
"2014-03-20 09:45:08.166",NA,NA,76.05,142800
"2014-03-20 09:45:08.784",NA,NA,76.05,140800
"2014-03-20 09:45:10.153",76,738400,NA,NA
"2014-03-20 09:45:10.448",76,738000,NA,NA
"2014-03-20 09:45:10.504",76,737600,NA,NA
"2014-03-20 09:45:10.780",76,737200,NA,NA
"2014-03-20 09:45:11.221",NA,NA,76.05,144000
"2014-03-20 09:45:11.474",NA,NA,76.05,143600
"2014-03-20 09:45:11.529",NA,NA,76.05,143200
"2014-03-20 09:45:11.544",76,724400,NA,NA
"2014-03-20 09:45:11.580",NA,NA,76.05,144800
"2014-03-20 09:45:12.172",NA,NA,76.05,144400
"2014-03-20 09:45:12.190",76,724000,NA,NA
"2014-03-20 09:45:12.889",76,724400,NA,NA
"2014-03-20 09:45:14.842",76,737200,NA,NA
"2014-03-20 09:45:15.289",76,738800,NA,NA
"2014-03-20 09:45:15.938",76,726000,NA,NA
"2014-03-20 09:45:18.312",NA,NA,76.05,144000
"2014-03-20 09:45:20.383",NA,NA,76.05,142800
"2014-03-20 09:45:20.887",NA,NA,76.05,142000
"2014-03-20 09:45:23.250",NA,NA,76.05,141200
"2014-03-20 09:45:23.645",76,738800,NA,NA
"2014-03-20 09:45:25.077",76,728400,NA,NA
"2014-03-20 09:45:25.077",NA,NA,76.05,130800
"2014-03-20 09:45:25.094",76,727200,NA,NA
"2014-03-20 09:45:25.241",NA,NA,76.05,124800
"2014-03-20 09:45:25.255",76,726400,NA,NA
"2014-03-20 09:45:25.272",NA,NA,76.05,120800
"2014-03-20 09:45:25.284",76,726000,NA,NA
"2014-03-20 09:45:27.094",NA,NA,76.05,122000
"2014-03-20 09:45:28.168",NA,NA,76.05,123200
"2014-03-20 09:45:28.383",NA,NA,76.05,124800
"2014-03-20 09:45:30.989",76,726400,NA,NA
"2014-03-20 09:45:33.736",76,726800,NA,NA
"2014-03-20 09:45:34.650",76,728000,NA,NA
"2014-03-20 09:45:35.158",NA,NA,76.05,124400
"2014-03-20 09:45:37.859",76,728400,NA,NA
"2014-03-20 09:45:38.720",NA,NA,76.05,123600
"2014-03-20 09:45:38.872",76,724400,NA,NA
"2014-03-20 09:45:44.947",NA,NA,76.05,122800
"2014-03-20 09:45:44.967",76,724000,NA,NA
"2014-03-20 09:45:48.071",76,724400,NA,NA
"2014-03-20 09:45:48.792",76,724800,NA,NA
"2014-03-20 09:45:51.015",76,724400,NA,NA
"2014-03-20 09:45:51.085",76,724000,NA,NA
"2014-03-20 09:45:51.629",NA,NA,76.05,125200
"2014-03-20 09:45:52.038",NA,NA,76.05,124800
"2014-03-20 09:45:53.088",NA,NA,76.05,124400
"2014-03-20 09:45:54.857",76,724400,NA,NA
"2014-03-20 09:45:58.425",NA,NA,76.05,90400
"2014-03-20 09:45:58.433",NA,NA,76.05,90000
"2014-03-20 09:45:58.436",76,723600,NA,NA
"2014-03-20 09:45:58.444",76,723200,NA,NA
"2014-03-20 09:45:58.444",76,722000,NA,NA
"2014-03-20 09:45:58.445",76,720800,NA,NA
"2014-03-20 09:45:58.445",NA,NA,76.05,88400
"2014-03-20 09:45:58.455",76,720400,NA,NA
"2014-03-20 09:45:58.478",NA,NA,76.05,92800
"2014-03-20 09:45:58.727",NA,NA,76.05,114800
"2014-03-20 09:46:00.282",NA,NA,76.05,106000
"2014-03-20 09:46:00.592",NA,NA,76.05,104800
"2014-03-20 09:46:02.000",76,721600,NA,NA
"2014-03-20 09:46:02.447",NA,NA,76.05,106000
"2014-03-20 09:46:02.468",NA,NA,76.05,117600
"2014-03-20 09:46:04.219",NA,NA,76.05,132000
"2014-03-20 09:46:07.056",76,722400,NA,NA
"2014-03-20 09:46:08.079",NA,NA,76.05,131200
"2014-03-20 09:46:10.825",NA,NA,76.05,109200
"2014-03-20 09:46:10.842",NA,NA,76.05,108400
"2014-03-20 09:46:13.210",76,723200,NA,NA
"2014-03-20 09:46:15.114",NA,NA,76.05,130400
"2014-03-20 09:46:16.549",76,722800,NA,NA
"2014-03-20 09:46:17.909",76,723200,NA,NA
"2014-03-20 09:46:18.808",NA,NA,76.05,138800
"2014-03-20 09:46:22.525",NA,NA,76.05,130400
"2014-03-20 09:46:28.744",NA,NA,76.05,132400
"2014-03-20 09:46:29.857",76,724000,NA,NA
"2014-03-20 09:46:31.541",76,723600,NA,NA
"2014-03-20 09:46:31.541",NA,NA,76.05,132000
"2014-03-20 09:46:31.567",76,722800,NA,NA
"2014-03-20 09:46:31.635",76,722000,NA,NA
"2014-03-20 09:46:32.232",NA,NA,76.05,130400
"2014-03-20 09:46:32.249",76,721600,NA,NA
"2014-03-20 09:46:32.588",NA,NA,76.05,129600
"2014-03-20 09:46:32.651",NA,NA,76.05,128800
"2014-03-20 09:46:32.690",76,720800,NA,NA
"2014-03-20 09:46:33.754",NA,NA,76.05,130400
"2014-03-20 09:46:36.127",NA,NA,76.05,130000
"2014-03-20 09:46:36.128",76,722000,NA,NA
"2014-03-20 09:46:38.159",NA,NA,76.05,123200
"2014-03-20 09:46:38.173",76,721600,NA,NA
"2014-03-20 09:46:38.181",76,721200,NA,NA
"2014-03-20 09:46:43.826",NA,NA,76.05,123600
"2014-03-20 09:46:44.216",NA,NA,76.05,122800
"2014-03-20 09:46:45.218",NA,NA,76.05,123200
"2014-03-20 09:46:45.410",76,730000,NA,NA
"2014-03-20 09:46:47.011",NA,NA,76.05,120800
"2014-03-20 09:46:47.011",76,727600,NA,NA
"2014-03-20 09:46:47.030",76,727200,NA,NA
"2014-03-20 09:46:47.707",NA,NA,76.05,122800
"2014-03-20 09:46:49.421",NA,NA,76.05,122400
"2014-03-20 09:46:50.998",NA,NA,76.05,132400
"2014-03-20 09:46:52.020",76,727600,NA,NA
"2014-03-20 09:46:54.974",NA,NA,76.05,138400
"2014-03-20 09:46:57.307",NA,NA,76.05,137600
"2014-03-20 09:46:58.409",NA,NA,76.05,135600
"2014-03-20 09:46:58.728",NA,NA,76.05,136000
"2014-03-20 09:46:59.355",76,733600,NA,NA
"2014-03-20 09:47:03.429",NA,NA,76.05,135600
"2014-03-20 09:47:03.444",76,733200,NA,NA
"2014-03-20 09:47:06.071",76,734000,NA,NA
"2014-03-20 09:47:06.884",NA,NA,76.05,135200
"2014-03-20 09:47:08.865",76,734400,NA,NA
"2014-03-20 09:47:11.721",NA,NA,76.05,137200
"2014-03-20 09:47:12.560",76,735200,NA,NA
"2014-03-20 09:47:13.359",76,735600,NA,NA
"2014-03-20 09:47:13.806",NA,NA,76.05,134000
"2014-03-20 09:47:13.824",76,735200,NA,NA
"2014-03-20 09:47:14.001",NA,NA,76.05,130000
"2014-03-20 09:47:14.014",76,734800,NA,NA
"2014-03-20 09:47:14.790",76,735600,NA,NA
"2014-03-20 09:47:15.682",NA,NA,76.05,120000
"2014-03-20 09:47:16.427",NA,NA,76.05,118400
"2014-03-20 09:47:17.306",76,736400,NA,NA
"2014-03-20 09:47:17.404",76,738400,NA,NA
"2014-03-20 09:47:18.430",76,739200,NA,NA
"2014-03-20 09:47:20.982",NA,NA,76.05,114400
"2014-03-20 09:47:21.000",76,738800,NA,NA
"2014-03-20 09:47:21.641",76,740000,NA,NA
"2014-03-20 09:47:22.240",76,730000,NA,NA
"2014-03-20 09:47:22.240",NA,NA,76.05,104400
"2014-03-20 09:47:22.248",NA,NA,76.05,104000
"2014-03-20 09:47:22.258",76,728800,NA,NA
"2014-03-20 09:47:23.004",NA,NA,76.05,103200
"2014-03-20 09:47:23.245",76,727200,NA,NA
"2014-03-20 09:47:23.245",NA,NA,76.05,101600
"2014-03-20 09:47:23.259",76,726800,NA,NA
"2014-03-20 09:47:23.721",NA,NA,76.05,102400
"2014-03-20 09:47:25.397",76,728000,NA,NA
"2014-03-20 09:47:27.634",76,729600,NA,NA
"2014-03-20 09:47:28.196",76,728800,NA,NA
"2014-03-20 09:47:28.641",76,729200,NA,NA
"2014-03-20 09:47:29.218",NA,NA,76.05,104000
"2014-03-20 09:47:31.955",76,729600,NA,NA
"2014-03-20 09:47:33.259",NA,NA,76.05,74800
"2014-03-20 09:47:33.275",76,727200,NA,NA
"2014-03-20 09:47:33.285",76,726400,NA,NA
"2014-03-20 09:47:33.286",NA,NA,76.05,72000
"2014-03-20 09:47:33.294",NA,NA,76.05,71600
"2014-03-20 09:47:33.327",NA,NA,76.05,71200
"2014-03-20 09:47:34.542",NA,NA,76.05,96000
"2014-03-20 09:47:34.674",NA,NA,76.05,98800
"2014-03-20 09:47:35.368",76,730400,NA,NA
"2014-03-20 09:47:36.379",76,734800,NA,NA
"2014-03-20 09:47:36.712",NA,NA,76.05,99200
"2014-03-20 09:47:36.904",76,730400,NA,NA
"2014-03-20 09:47:37.062",NA,NA,76.05,98400
"2014-03-20 09:47:37.394",NA,NA,76.05,100400
"2014-03-20 09:47:37.479",76,731600,NA,NA
"2014-03-20 09:47:37.508",NA,NA,76.05,99200
"2014-03-20 09:47:37.522",76,731200,NA,NA
"2014-03-20 09:47:37.546",NA,NA,76.05,97200
"2014-03-20 09:47:37.709",NA,NA,76.05,94800
"2014-03-20 09:47:37.760",NA,NA,76.05,97200
"2014-03-20 09:47:37.869",NA,NA,76.05,96400
"2014-03-20 09:47:37.869",76,732400,NA,NA
"2014-03-20 09:47:37.909",NA,NA,76.05,95200
"2014-03-20 09:47:37.921",NA,NA,76.05,73200
"2014-03-20 09:47:37.926",76,732000,NA,NA
"2014-03-20 09:47:38.509",NA,NA,76.05,72400
"2014-03-20 09:47:38.612",76,730000,NA,NA
"2014-03-20 09:47:39.473",NA,NA,76.05,71600
"2014-03-20 09:47:39.487",76,729600,NA,NA
"2014-03-20 09:47:39.962",76,731600,NA,NA
"2014-03-20 09:47:40.390",NA,NA,76.05,71200
"2014-03-20 09:47:41.125",NA,NA,76.05,93200
"2014-03-20 09:47:42.544",76,730400,NA,NA
"2014-03-20 09:47:42.598",76,729200,NA,NA
"2014-03-20 09:47:42.639",NA,NA,76.05,92800
"2014-03-20 09:47:43.554",NA,NA,76.05,91600
"2014-03-20 09:47:43.611",NA,NA,76.05,90400
"2014-03-20 09:47:43.629",76,728800,NA,NA
"2014-03-20 09:47:43.661",NA,NA,76.05,92400
"2014-03-20 09:47:46.549",76,734800,NA,NA
"2014-03-20 09:47:47.264",NA,NA,76.05,92000
"2014-03-20 09:47:51.312",76,735200,NA,NA
"2014-03-20 09:47:51.356",NA,NA,76.05,95200
"2014-03-20 09:47:54.850",76,740400,NA,NA
"2014-03-20 09:47:56.767",NA,NA,76.05,94800
"2014-03-20 09:47:59.463",NA,NA,76.05,94400
"2014-03-20 09:47:59.463",76,740000,NA,NA
"2014-03-20 09:48:00.088",76,753200,NA,NA
"2014-03-20 09:48:01.857",NA,NA,76.05,94000
"2014-03-20 09:48:02.244",NA,NA,76.05,104000
"2014-03-20 09:48:02.858",NA,NA,76.05,103200
"2014-03-20 09:48:03.510",76,754400,NA,NA
"2014-03-20 09:48:03.554",NA,NA,76.05,93200
"2014-03-20 09:48:03.707",76,750400,NA,NA
"2014-03-20 09:48:03.856",76,744400,NA,NA
"2014-03-20 09:48:04.032",NA,NA,76.05,89200
"2014-03-20 09:48:04.383",NA,NA,76.05,88800
"2014-03-20 09:48:04.458",76,747600,NA,NA
"2014-03-20 09:48:04.605",NA,NA,76.05,88400
"2014-03-20 09:48:04.605",76,747200,NA,NA
"2014-03-20 09:48:05.468",76,744000,NA,NA
"2014-03-20 09:48:05.889",NA,NA,76.05,86400
"2014-03-20 09:48:06.857",76,744400,NA,NA
"2014-03-20 09:48:08.561",76,742400,NA,NA
"2014-03-20 09:48:08.755",76,743200,NA,NA
"2014-03-20 09:48:09.191",NA,NA,76.05,85600
"2014-03-20 09:48:09.235",NA,NA,76.05,73600
"2014-03-20 09:48:09.370",NA,NA,76.05,61600
"2014-03-20 09:48:09.424",NA,NA,76.05,63200
"2014-03-20 09:48:09.585",76,742000,NA,NA
"2014-03-20 09:48:11.081",76,742800,NA,NA
"2014-03-20 09:48:11.152",76,745600,NA,NA
"2014-03-20 09:48:11.970",76,752000,NA,NA
"2014-03-20 09:48:13.096",NA,NA,76.1,54800
"2014-03-20 09:48:13.098",76,750800,NA,NA
"2014-03-20 09:48:13.100",76.05,1200,NA,NA
"2014-03-20 09:48:13.102",76.05,14000,NA,NA
"2014-03-20 09:48:13.111",76.05,12400,NA,NA
"2014-03-20 09:48:13.114",76.05,12000,NA,NA
"2014-03-20 09:48:13.114",76.05,11600,NA,NA
"2014-03-20 09:48:13.115",76.05,9200,NA,NA
"2014-03-20 09:48:13.117",76.05,8800,NA,NA
"2014-03-20 09:48:13.117",76.05,8400,NA,NA
"2014-03-20 09:48:13.117",NA,NA,76.1,54000
"2014-03-20 09:48:13.133",76.05,8000,NA,NA
"2014-03-20 09:48:13.133",76.05,10000,NA,NA
"2014-03-20 09:48:13.146",NA,NA,76.1,52400
"2014-03-20 09:48:13.287",76.05,8000,NA,NA
"2014-03-20 09:48:13.292",76.05,10000,NA,NA
"2014-03-20 09:48:13.295",NA,NA,76.1,48000
"2014-03-20 09:48:13.310",76.05,9600,NA,NA
"2014-03-20 09:48:13.777",NA,NA,76.1,52400
"2014-03-20 09:48:13.955",76.05,10000,NA,NA
"2014-03-20 09:48:14.955",NA,NA,76.1,74400
"2014-03-20 09:48:15.110",76.05,23200,NA,NA
"2014-03-20 09:48:15.206",76.05,21600,NA,NA
"2014-03-20 09:48:16.222",76.05,22400,NA,NA
"2014-03-20 09:48:16.391",76.05,23200,NA,NA
"2014-03-20 09:48:16.863",76.05,19200,NA,NA
"2014-03-20 09:48:16.966",NA,NA,76.1,84400
"2014-03-20 09:48:17.083",76.05,18800,NA,NA
"2014-03-20 09:48:17.153",NA,NA,76.1,82400
"2014-03-20 09:48:17.170",NA,NA,76.1,88000
"2014-03-20 09:48:17.170",76.05,18400,NA,NA
"2014-03-20 09:48:17.357",76.05,17600,NA,NA
"2014-03-20 09:48:18.180",76.05,21600,NA,NA
"2014-03-20 09:48:18.683",76.05,30400,NA,NA
"2014-03-20 09:48:18.957",NA,NA,76.1,66000
"2014-03-20 09:48:19.155",NA,NA,76.1,63200
"2014-03-20 09:48:20.178",76.05,43200,NA,NA
"2014-03-20 09:48:21.071",NA,NA,76.1,62000
"2014-03-20 09:48:21.084",76.05,42800,NA,NA
"2014-03-20 09:48:21.976",NA,NA,76.1,52000
"2014-03-20 09:48:23.149",76.05,44000,NA,NA
"2014-03-20 09:48:23.151",76.05,45200,NA,NA
"2014-03-20 09:48:23.168",NA,NA,76.1,50800
"2014-03-20 09:48:23.252",76.05,46400,NA,NA
"2014-03-20 09:48:23.580",NA,NA,76.1,60800
"2014-03-20 09:48:25.783",NA,NA,76.1,50800
"2014-03-20 09:48:26.575",76.05,49200,NA,NA
"2014-03-20 09:48:27.111",NA,NA,76.1,49600
"2014-03-20 09:48:27.350",NA,NA,76.1,52000
"2014-03-20 09:48:27.377",76.05,59200,NA,NA
"2014-03-20 09:48:27.823",76.05,58000,NA,NA
"2014-03-20 09:48:28.286",76.05,58400,NA,NA
"2014-03-20 09:48:29.248",76.05,59200,NA,NA
"2014-03-20 09:48:30.372",76.05,60000,NA,NA
"2014-03-20 09:48:33.284",76.05,60400,NA,NA
"2014-03-20 09:48:35.351",76.05,60800,NA,NA
"2014-03-20 09:48:37.995",76.05,58000,NA,NA
"2014-03-20 09:48:38.704",NA,NA,76.1,62000
"2014-03-20 09:48:38.705",76.05,45200,NA,NA
"2014-03-20 09:48:39.302",76.05,46000,NA,NA
"2014-03-20 09:48:39.420",NA,NA,76.1,62400
"2014-03-20 09:48:39.472",76.05,45200,NA,NA
"2014-03-20 09:48:41.419",NA,NA,76.1,84400
"2014-03-20 09:48:42.029",76.05,45600,NA,NA
"2014-03-20 09:48:42.679",76.05,46000,NA,NA
"2014-03-20 09:48:42.721",NA,NA,76.1,82800
"2014-03-20 09:48:42.735",76.05,46800,NA,NA
"2014-03-20 09:48:42.739",NA,NA,76.1,88400
"2014-03-20 09:48:42.768",76.05,47200,NA,NA
"2014-03-20 09:48:44.889",NA,NA,76.1,88000
"2014-03-20 09:48:45.008",NA,NA,76.1,66000
"2014-03-20 09:48:46.726",NA,NA,76.1,63200
"2014-03-20 09:48:46.797",NA,NA,76.1,85200
"2014-03-20 09:48:47.490",76.05,46400,NA,NA
"2014-03-20 09:48:47.577",76.05,47200,NA,NA
"2014-03-20 09:48:47.835",76.05,45200,NA,NA
"2014-03-20 09:48:47.855",76.05,44800,NA,NA
"2014-03-20 09:48:49.276",NA,NA,76.1,84000
"2014-03-20 09:48:49.463",NA,NA,76.1,82000
"2014-03-20 09:48:51.552",NA,NA,76.1,81600
"2014-03-20 09:48:51.552",76.05,44400,NA,NA
"2014-03-20 09:48:51.564",76.05,44000,NA,NA
"2014-03-20 09:48:51.660",76.05,43600,NA,NA
"2014-03-20 09:48:51.661",NA,NA,76.1,81200
"2014-03-20 09:48:51.743",76.05,43200,NA,NA
"2014-03-20 09:48:52.354",76.05,3200,NA,NA
"2014-03-20 09:48:52.363",76.05,4000,NA,NA
"2014-03-20 09:48:52.369",76.05,2800,NA,NA
"2014-03-20 09:48:52.373",76.05,2400,NA,NA
"2014-03-20 09:48:52.374",76.05,2000,NA,NA
"2014-03-20 09:48:52.375",76.05,1200,NA,NA
"2014-03-20 09:48:52.375",76.05,800,NA,NA
"2014-03-20 09:48:52.376",76,732400,NA,NA
"2014-03-20 09:48:52.410",76,728000,NA,NA
"2014-03-20 09:48:52.488",NA,NA,76.05,2400
"2014-03-20 09:48:52.523",NA,NA,76.05,4800
"2014-03-20 09:48:52.538",NA,NA,76.05,5200
"2014-03-20 09:48:52.588",76,727600,NA,NA
"2014-03-20 09:48:54.106",NA,NA,76.05,2800
"2014-03-20 09:48:54.193",76,728400,NA,NA
"2014-03-20 09:48:54.293",NA,NA,76.05,7200
"2014-03-20 09:48:54.439",NA,NA,76.05,2000
"2014-03-20 09:48:54.601",NA,NA,76.05,1600
"2014-03-20 09:48:54.602",76,728000,NA,NA
"2014-03-20 09:48:54.602",NA,NA,76.05,1200
"2014-03-20 09:48:54.644",76,729600,NA,NA
"2014-03-20 09:48:54.690",76,729200,NA,NA
"2014-03-20 09:48:54.690",NA,NA,76.05,800
"2014-03-20 09:48:54.695",NA,NA,76.05,400
"2014-03-20 09:48:55.120",NA,NA,76.1,73200
"2014-03-20 09:48:55.162",NA,NA,76.1,63200
"2014-03-20 09:48:56.247",76,728400,NA,NA
"2014-03-20 09:48:56.261",76,728000,NA,NA
"2014-03-20 09:48:58.919",NA,NA,76.1,66800
"2014-03-20 09:48:58.930",NA,NA,76.1,63600
"2014-03-20 09:48:58.937",NA,NA,76.1,61600
"2014-03-20 09:48:59.856",NA,NA,76.1,71600
"2014-03-20 09:49:01.954",NA,NA,76.1,74800
"2014-03-20 09:49:02.395",NA,NA,76.1,76800
"2014-03-20 09:49:02.438",NA,NA,76.1,78800
"2014-03-20 09:49:03.208",76.05,20000,NA,NA
"2014-03-20 09:49:03.221",76.05,21600,NA,NA
"2014-03-20 09:49:03.281",76.05,20800,NA,NA
"2014-03-20 09:49:06.774",76.05,21600,NA,NA
"2014-03-20 09:49:06.887",76.05,22400,NA,NA
"2014-03-20 09:49:07.745",76.05,22800,NA,NA
"2014-03-20 09:49:09.873",76.05,23600,NA,NA
"2014-03-20 09:49:12.464",76.05,24400,NA,NA
"2014-03-20 09:49:13.337",76.05,24800,NA,NA
"2014-03-20 09:49:13.980",NA,NA,76.1,79200
"2014-03-20 09:49:14.058",NA,NA,76.1,88000
"2014-03-20 09:49:14.423",76.05,25200,NA,NA
"2014-03-20 09:49:14.530",NA,NA,76.1,174000
"2014-03-20 09:49:14.598",NA,NA,76.1,173600
"2014-03-20 09:49:14.598",NA,NA,76.1,179200
"2014-03-20 09:49:14.869",76.05,25600,NA,NA
"2014-03-20 09:49:14.972",76.05,26000,NA,NA
"2014-03-20 09:49:15.421",76.05,38800,NA,NA
"2014-03-20 09:49:15.936",NA,NA,76.1,169200
"2014-03-20 09:49:16.021",NA,NA,76.1,178000
"2014-03-20 09:49:16.876",76.05,40800,NA,NA
"2014-03-20 09:49:17.764",76.05,40000,NA,NA
"2014-03-20 09:49:18.940",76.05,40400,NA,NA
"2014-03-20 09:49:19.016",76.05,40800,NA,NA
"2014-03-20 09:49:19.775",NA,NA,76.1,169200
"2014-03-20 09:49:19.782",NA,NA,76.1,160400
"2014-03-20 09:49:21.134",76.05,41200,NA,NA
"2014-03-20 09:49:22.614",76.05,41600,NA,NA
"2014-03-20 09:49:23.706",NA,NA,76.1,162400
"2014-03-20 09:49:24.567",NA,NA,76.1,140400
"2014-03-20 09:49:27.071",76.05,42400,NA,NA
"2014-03-20 09:49:28.955",NA,NA,76.1,142000
"2014-03-20 09:49:28.976",NA,NA,76.1,143200
"2014-03-20 09:49:29.355",NA,NA,76.1,165200
"2014-03-20 09:49:30.531",NA,NA,76.1,164400
"2014-03-20 09:49:32.298",NA,NA,76.1,162000
"2014-03-20 09:49:32.326",76.05,40000,NA,NA
"2014-03-20 09:49:33.269",76.05,40400,NA,NA
"2014-03-20 09:49:33.468",NA,NA,76.1,172000
"2014-03-20 09:49:33.545",76.05,40800,NA,NA
"2014-03-20 09:49:34.467",76.05,28000,NA,NA
"2014-03-20 09:49:35.143",76.05,27600,NA,NA
"2014-03-20 09:49:35.251",76.05,27200,NA,NA
"2014-03-20 09:49:37.449",76.05,40000,NA,NA
"2014-03-20 09:49:37.776",NA,NA,76.1,171600
"2014-03-20 09:49:38.372",76.05,27200,NA,NA
"2014-03-20 09:49:39.140",76.05,29200,NA,NA
"2014-03-20 09:49:41.081",76.05,30000,NA,NA
"2014-03-20 09:49:41.157",NA,NA,76.1,170800
"2014-03-20 09:49:42.060",76.05,30400,NA,NA
"2014-03-20 09:49:46.590",NA,NA,76.1,170400
"2014-03-20 09:49:47.417",76.05,30800,NA,NA
"2014-03-20 09:49:48.327",76.05,31200,NA,NA
"2014-03-20 09:49:48.639",NA,NA,76.1,169600
"2014-03-20 09:49:50.128",NA,NA,76.1,169200
"2014-03-20 09:49:50.888",76.05,30000,NA,NA
"2014-03-20 09:49:50.994",76.05,38000,NA,NA
"2014-03-20 09:49:52.372",NA,NA,76.1,170800
"2014-03-20 09:49:53.368",76.05,38400,NA,NA
"2014-03-20 09:49:54.070",NA,NA,76.1,175200
"2014-03-20 09:49:55.078",76.05,38800,NA,NA
"2014-03-20 09:49:58.312",76.05,39200,NA,NA
"2014-03-20 09:49:58.987",NA,NA,76.1,171600
"2014-03-20 09:49:58.989",NA,NA,76.1,170000
"2014-03-20 09:49:59.004",76.05,31200,NA,NA
"2014-03-20 09:50:00.187",76.05,33200,NA,NA
"2014-03-20 09:50:00.281",NA,NA,76.1,169200
"2014-03-20 09:50:00.763",76.05,34000,NA,NA
"2014-03-20 09:50:00.815",76.05,34400,NA,NA
"2014-03-20 09:50:04.251",NA,NA,76.1,165200
"2014-03-20 09:50:04.808",76.05,47200,NA,NA
"2014-03-20 09:50:07.139",NA,NA,76.1,155200
"2014-03-20 09:50:08.418",76.05,47600,NA,NA
"2014-03-20 09:50:09.207",76.05,53600,NA,NA
"2014-03-20 09:50:10.893",76.05,52800,NA,NA
"2014-03-20 09:50:10.893",NA,NA,76.1,154400
"2014-03-20 09:50:10.958",76.05,53600,NA,NA
"2014-03-20 09:50:12.022",76.05,73600,NA,NA
"2014-03-20 09:50:12.584",76.05,75600,NA,NA
"2014-03-20 09:50:13.214",76.05,78400,NA,NA
"2014-03-20 09:50:13.673",NA,NA,76.1,152000
"2014-03-20 09:50:13.872",76.05,80000,NA,NA
"2014-03-20 09:50:14.513",NA,NA,76.1,130000
"2014-03-20 09:50:19.606",76.05,80400,NA,NA
"2014-03-20 09:50:19.722",76.05,80800,NA,NA
"2014-03-20 09:50:21.393",76.05,84000,NA,NA
"2014-03-20 09:50:22.478",76.05,84400,NA,NA
"2014-03-20 09:50:23.924",76.05,84800,NA,NA
"2014-03-20 09:50:27.569",NA,NA,76.1,152000
"2014-03-20 09:50:27.761",NA,NA,76.1,162000
"2014-03-20 09:50:28.039",76.05,82000,NA,NA
"2014-03-20 09:50:29.026",NA,NA,76.1,164000
"2014-03-20 09:50:30.425",NA,NA,76.1,165200
"2014-03-20 09:50:31.306",NA,NA,76.15,88800
"2014-03-20 09:50:31.460",76.05,80400,NA,NA
"2014-03-20 09:50:31.460",76.1,1600,NA,NA
"2014-03-20 09:50:31.464",76.1,3200,NA,NA
"2014-03-20 09:50:31.492",NA,NA,76.15,81200
"2014-03-20 09:50:31.812",76.1,4000,NA,NA
"2014-03-20 09:50:31.929",NA,NA,76.15,78800
"2014-03-20 09:50:32.028",NA,NA,76.15,76000
"2014-03-20 09:50:32.490",NA,NA,76.15,76400
"2014-03-20 09:50:32.727",NA,NA,76.15,76800
"2014-03-20 09:50:32.942",76.1,4400,NA,NA
"2014-03-20 09:50:32.945",NA,NA,76.15,76000
"2014-03-20 09:50:33.053",76.1,4800,NA,NA
"2014-03-20 09:50:33.054",NA,NA,76.15,75600
"2014-03-20 09:50:39.449",NA,NA,76.15,25600
"2014-03-20 09:50:39.630",NA,NA,76.15,22400
"2014-03-20 09:50:40.817",76.1,24800,NA,NA
"2014-03-20 09:50:41.054",NA,NA,76.15,31200
"2014-03-20 09:50:41.414",NA,NA,76.15,32400
"2014-03-20 09:50:41.520",NA,NA,76.15,33600
"2014-03-20 09:50:42.173",NA,NA,76.15,33200
"2014-03-20 09:50:42.950",76.1,25200,NA,NA
"2014-03-20 09:50:43.079",NA,NA,76.15,33600
"2014-03-20 09:50:43.081",NA,NA,76.15,32400
"2014-03-20 09:50:43.192",NA,NA,76.15,31600
"2014-03-20 09:50:45.711",76.1,28800,NA,NA
"2014-03-20 09:50:46.040",76.1,32000,NA,NA
"2014-03-20 09:50:46.065",76.1,31200,NA,NA
"2014-03-20 09:50:46.065",NA,NA,76.15,30800
"2014-03-20 09:50:46.116",76.1,31600,NA,NA
"2014-03-20 09:50:47.245",76.1,32000,NA,NA
"2014-03-20 09:50:48.939",76.1,32400,NA,NA
"2014-03-20 09:50:49.667",76.1,33200,NA,NA
"2014-03-20 09:50:49.806",76.1,32800,NA,NA
"2014-03-20 09:50:49.808",76.1,32400,NA,NA
"2014-03-20 09:50:49.857",76.1,32000,NA,NA
"2014-03-20 09:50:49.859",76.1,31600,NA,NA
"2014-03-20 09:50:50.057",76.1,32000,NA,NA
"2014-03-20 09:50:51.676",76.1,33200,NA,NA
"2014-03-20 09:50:52.091",76.1,34400,NA,NA
"2014-03-20 09:50:52.626",76.1,64400,NA,NA
"2014-03-20 09:50:53.315",76.1,65600,NA,NA
"2014-03-20 09:50:53.751",76.1,75600,NA,NA
"2014-03-20 09:50:53.877",NA,NA,76.15,30000
"2014-03-20 09:50:54.471",NA,NA,76.15,21200
"2014-03-20 09:50:55.057",76.1,89200,NA,NA
"2014-03-20 09:50:56.264",76.1,91600,NA,NA
"2014-03-20 09:50:56.361",76.1,92800,NA,NA
"2014-03-20 09:50:59.068",NA,NA,76.15,23200
"2014-03-20 09:51:00.345",76.1,96000,NA,NA
"2014-03-20 09:51:00.413",NA,NA,76.15,15200
"2014-03-20 09:51:00.416",NA,NA,76.2,53600
"2014-03-20 09:51:00.416",76.15,1600,NA,NA
"2014-03-20 09:51:00.420",76.15,4800,NA,NA
"2014-03-20 09:51:00.598",76.15,8000,NA,NA
"2014-03-20 09:51:00.999",76.15,11600,NA,NA
"2014-03-20 09:51:01.288",NA,NA,76.2,52800
"2014-03-20 09:51:01.340",NA,NA,76.2,56800
"2014-03-20 09:51:01.574",NA,NA,76.2,57200
"2014-03-20 09:51:02.347",76.15,12800,NA,NA
"2014-03-20 09:51:02.463",76.15,14000,NA,NA
"2014-03-20 09:51:04.227",NA,NA,76.2,56800
"2014-03-20 09:51:05.097",76.15,27600,NA,NA
"2014-03-20 09:51:05.257",76.15,28000,NA,NA
"2014-03-20 09:51:05.521",76.15,28400,NA,NA
"2014-03-20 09:51:10.419",76.15,26800,NA,NA
"2014-03-20 09:51:12.488",76.15,27600,NA,NA
"2014-03-20 09:51:12.598",76.15,28400,NA,NA
"2014-03-20 09:51:13.884",76.15,28800,NA,NA
"2014-03-20 09:51:14.351",76.15,22800,NA,NA
"2014-03-20 09:51:17.752",76.15,23200,NA,NA
"2014-03-20 09:51:19.551",76.15,23600,NA,NA
"2014-03-20 09:51:19.638",76.15,24400,NA,NA
"2014-03-20 09:51:21.521",NA,NA,76.2,65600
"2014-03-20 09:51:22.622",76.15,23600,NA,NA
"2014-03-20 09:51:22.626",NA,NA,76.2,64800
"2014-03-20 09:51:24.353",76.15,24000,NA,NA
"2014-03-20 09:51:27.735",NA,NA,76.2,68800
"2014-03-20 09:51:28.646",NA,NA,76.2,70000
"2014-03-20 09:51:28.730",NA,NA,76.2,72400
"2014-03-20 09:51:28.732",NA,NA,76.2,76800
"2014-03-20 09:51:28.732",NA,NA,76.2,80800
"2014-03-20 09:51:28.733",NA,NA,76.2,83200
"2014-03-20 09:51:28.733",NA,NA,76.2,85200
"2014-03-20 09:51:28.734",NA,NA,76.2,87200
"2014-03-20 09:51:28.744",NA,NA,76.2,89200
"2014-03-20 09:51:28.807",76.15,23200,NA,NA
"2014-03-20 09:51:28.810",NA,NA,76.2,88400
"2014-03-20 09:51:29.097",76.15,20800,NA,NA
"2014-03-20 09:51:29.759",NA,NA,76.2,90400
"2014-03-20 09:51:29.849",NA,NA,76.2,92000
"2014-03-20 09:51:30.202",76.15,24800,NA,NA
"2014-03-20 09:51:30.739",NA,NA,76.2,94000
"2014-03-20 09:51:30.741",NA,NA,76.2,96000
"2014-03-20 09:51:30.745",NA,NA,76.2,98000
"2014-03-20 09:51:30.749",NA,NA,76.2,1e+05
"2014-03-20 09:51:30.965",NA,NA,76.2,99600
"2014-03-20 09:51:31.259",76.15,25200,NA,NA
"2014-03-20 09:51:32.676",76.15,26800,NA,NA
"2014-03-20 09:51:34.137",NA,NA,76.2,98000
"2014-03-20 09:51:39.199",76.15,27200,NA,NA
"2014-03-20 09:51:39.689",76.15,27600,NA,NA
"2014-03-20 09:51:43.529",76.15,28000,NA,NA
"2014-03-20 09:51:44.176",76.15,27600,NA,NA
"2014-03-20 09:51:44.980",NA,NA,76.2,97600
"2014-03-20 09:51:48.757",NA,NA,76.2,88800
"2014-03-20 09:51:51.103",NA,NA,76.2,80800
"2014-03-20 09:51:51.906",NA,NA,76.2,79600
"2014-03-20 09:51:51.907",NA,NA,76.2,80000
"2014-03-20 09:51:52.580",NA,NA,76.2,79600
"2014-03-20 09:51:53.977",NA,NA,76.2,79200
"2014-03-20 09:51:55.314",76.15,28800,NA,NA
"2014-03-20 09:51:57.917",76.15,29600,NA,NA
"2014-03-20 09:51:57.953",76.15,28800,NA,NA
"2014-03-20 09:51:58.150",NA,NA,76.2,88000
"2014-03-20 09:51:58.187",NA,NA,76.2,87200
"2014-03-20 09:51:58.321",76.15,29600,NA,NA
"2014-03-20 09:51:58.419",76.15,28800,NA,NA
"2014-03-20 09:51:58.455",76.15,29600,NA,NA
"2014-03-20 09:51:58.715",76.15,28800,NA,NA
"2014-03-20 09:51:59.130",NA,NA,76.2,89200
"2014-03-20 09:52:00.084",76.15,29200,NA,NA
"2014-03-20 09:52:01.755",NA,NA,76.2,80400
"2014-03-20 09:52:01.857",76.15,29600,NA,NA
"2014-03-20 09:52:04.874",NA,NA,76.2,80000
"2014-03-20 09:52:07.768",NA,NA,76.2,88800
"2014-03-20 09:52:08.920",NA,NA,76.2,89600
"2014-03-20 09:52:11.310",76.15,30000,NA,NA
"2014-03-20 09:52:17.596",76.15,29200,NA,NA
"2014-03-20 09:52:18.066",NA,NA,76.2,111600
"2014-03-20 09:52:18.949",NA,NA,76.2,113600
"2014-03-20 09:52:19.305",NA,NA,76.2,112400
"2014-03-20 09:52:19.957",NA,NA,76.2,114400
"2014-03-20 09:52:20.367",NA,NA,76.2,115600
"2014-03-20 09:52:20.956",NA,NA,76.2,117600
"2014-03-20 09:52:20.957",NA,NA,76.2,120000
"2014-03-20 09:52:20.973",NA,NA,76.2,122000
"2014-03-20 09:52:23.904",NA,NA,76.2,120800
"2014-03-20 09:52:26.560",76.15,5200,NA,NA
"2014-03-20 09:52:26.569",76.15,6000,NA,NA
"2014-03-20 09:52:26.590",76.1,82000,NA,NA
"2014-03-20 09:52:26.697",76.15,400,NA,NA
"2014-03-20 09:52:26.762",76.15,2000,NA,NA
"2014-03-20 09:52:27.093",76.1,93200,NA,NA
"2014-03-20 09:52:29.152",76.1,93600,NA,NA
"2014-03-20 09:52:31.729",NA,NA,76.2,120400
"2014-03-20 09:52:33.600",NA,NA,76.2,119600
"2014-03-20 09:52:36.207",NA,NA,76.15,400
"2014-03-20 09:52:36.255",NA,NA,76.15,44000
"2014-03-20 09:52:36.257",NA,NA,76.15,66000
"2014-03-20 09:52:36.362",NA,NA,76.15,67600
"2014-03-20 09:52:36.387",NA,NA,76.15,71600
"2014-03-20 09:52:37.429",NA,NA,76.15,66800
"2014-03-20 09:52:37.432",NA,NA,76.15,75600
"2014-03-20 09:52:42.143",NA,NA,76.15,74800
"2014-03-20 09:52:42.846",NA,NA,76.15,73600
"2014-03-20 09:52:43.500",NA,NA,76.15,73200
"2014-03-20 09:52:43.740",NA,NA,76.15,72000
"2014-03-20 09:52:44.748",NA,NA,76.15,71600
"2014-03-20 09:52:46.055",NA,NA,76.15,69600
"2014-03-20 09:52:46.371",76.1,100800,NA,NA
"2014-03-20 09:52:50.919",NA,NA,76.15,60800
"2014-03-20 09:52:50.920",NA,NA,76.15,38800
"2014-03-20 09:52:50.927",NA,NA,76.15,38400
"2014-03-20 09:52:53.162",NA,NA,76.15,30400
"2014-03-20 09:52:53.341",76.1,102400,NA,NA
"2014-03-20 09:52:53.899",NA,NA,76.15,30000
"2014-03-20 09:52:53.987",NA,NA,76.15,29600
"2014-03-20 09:52:59.036",NA,NA,76.15,29200
"2014-03-20 09:52:59.214",NA,NA,76.15,35600
"2014-03-20 09:53:04.051",NA,NA,76.15,34800
"2014-03-20 09:53:04.583",NA,NA,76.15,35200
"2014-03-20 09:53:07.275",NA,NA,76.15,34400
"2014-03-20 09:53:08.846",NA,NA,76.15,35200
"2014-03-20 09:53:11.641",NA,NA,76.15,34400
"2014-03-20 09:53:13.033",NA,NA,76.15,43200
"2014-03-20 09:53:17.079",NA,NA,76.15,42400
"2014-03-20 09:53:24.716",NA,NA,76.15,41600
"2014-03-20 09:53:29.236",NA,NA,76.15,43600
"2014-03-20 09:53:29.557",76.1,105200,NA,NA
"2014-03-20 09:53:30.707",76.1,105600,NA,NA
"2014-03-20 09:53:31.131",76.1,106000,NA,NA
"2014-03-20 09:53:31.761",76.1,103200,NA,NA
"2014-03-20 09:53:32.573",NA,NA,76.15,46800
"2014-03-20 09:53:32.688",NA,NA,76.15,46400
"2014-03-20 09:53:33.623",NA,NA,76.15,46000
"2014-03-20 09:53:33.752",NA,NA,76.15,56000
"2014-03-20 09:53:33.970",76.1,104400,NA,NA
"2014-03-20 09:53:35.814",NA,NA,76.15,68000
"2014-03-20 09:53:38.930",76.1,104800,NA,NA
"2014-03-20 09:53:39.169",NA,NA,76.15,65600
"2014-03-20 09:53:41.539",NA,NA,76.15,65200
"2014-03-20 09:53:41.651",NA,NA,76.15,64800
"2014-03-20 09:53:42.203",76.1,106800,NA,NA
"2014-03-20 09:53:42.577",NA,NA,76.15,60000
"2014-03-20 09:53:44.227",NA,NA,76.15,59200
"2014-03-20 09:53:46.300",NA,NA,76.15,60800
"2014-03-20 09:53:48.229",NA,NA,76.15,60400
"2014-03-20 09:53:48.987",NA,NA,76.15,50400
"2014-03-20 09:53:48.987",76.1,96800,NA,NA
"2014-03-20 09:53:49.162",76.1,98400,NA,NA
"2014-03-20 09:53:53.642",76.1,99600,NA,NA
"2014-03-20 09:53:55.233",NA,NA,76.15,30400
"2014-03-20 09:53:55.282",NA,NA,76.15,32400
"2014-03-20 09:53:55.303",NA,NA,76.15,34000
"2014-03-20 09:53:57.056",76.1,113200,NA,NA
"2014-03-20 09:53:57.753",76.1,115200,NA,NA
"2014-03-20 09:54:02.120",76.1,115600,NA,NA
"2014-03-20 09:54:02.297",76.1,118400,NA,NA
"2014-03-20 09:54:03.212",76.1,120400,NA,NA
"2014-03-20 09:54:03.298",76.1,117600,NA,NA
"2014-03-20 09:54:03.761",NA,NA,76.15,33200
"2014-03-20 09:54:07.114",NA,NA,76.15,24400
"2014-03-20 09:54:07.218",76.1,120400,NA,NA
"2014-03-20 09:54:07.437",NA,NA,76.15,23600
"2014-03-20 09:54:07.718",NA,NA,76.15,22800
"2014-03-20 09:54:08.066",76.1,121600,NA,NA
"2014-03-20 09:54:08.300",76.1,124800,NA,NA
"2014-03-20 09:54:08.750",76.1,125200,NA,NA
"2014-03-20 09:54:08.966",NA,NA,76.15,23600
"2014-03-20 09:54:09.001",NA,NA,76.15,22800
"2014-03-20 09:54:09.049",NA,NA,76.15,24400
"2014-03-20 09:54:15.676",NA,NA,76.15,23600
"2014-03-20 09:54:18.036",NA,NA,76.15,24400
"2014-03-20 09:54:18.369",NA,NA,76.15,19200
"2014-03-20 09:54:18.882",76.1,124400,NA,NA
"2014-03-20 09:54:18.882",NA,NA,76.15,18400
"2014-03-20 09:54:19.106",NA,NA,76.15,15200
"2014-03-20 09:54:20.066",76.1,110800,NA,NA
"2014-03-20 09:54:20.066",NA,NA,76.15,1600
"2014-03-20 09:54:20.242",NA,NA,76.15,3200
"2014-03-20 09:54:20.298",NA,NA,76.15,2800
"2014-03-20 09:54:21.288",76.15,2000,76.2,45600
"2014-03-20 09:54:21.289",76.15,14800,NA,NA
"2014-03-20 09:54:21.305",76.15,16400,NA,NA
"2014-03-20 09:54:22.114",76.15,16800,NA,NA
"2014-03-20 09:54:22.454",76.15,18800,NA,NA
"2014-03-20 09:54:23.101",76.15,19200,NA,NA
"2014-03-20 09:54:23.205",76.15,19600,NA,NA
"2014-03-20 09:54:23.717",76.15,26800,NA,NA
"2014-03-20 09:54:23.719",NA,NA,76.2,36800
"2014-03-20 09:54:24.751",76.15,25600,NA,NA
"2014-03-20 09:54:25.136",76.15,26000,NA,NA
"2014-03-20 09:54:25.238",76.15,26400,NA,NA
"2014-03-20 09:54:26.034",NA,NA,76.2,45600
"2014-03-20 09:54:27.177",NA,NA,76.2,47600
"2014-03-20 09:54:27.235",76.15,13600,NA,NA
"2014-03-20 09:54:27.350",NA,NA,76.2,48800
"2014-03-20 09:54:28.169",NA,NA,76.2,51200
"2014-03-20 09:54:28.333",76.15,14000,NA,NA
"2014-03-20 09:54:28.699",76.15,14800,NA,NA
"2014-03-20 09:54:30.202",76.15,14400,NA,NA
"2014-03-20 09:54:30.297",76.15,14000,NA,NA
"2014-03-20 09:54:36.461",NA,NA,76.2,50800
"2014-03-20 09:54:37.748",NA,NA,76.2,53600
"2014-03-20 09:54:38.808",NA,NA,76.2,51600
"2014-03-20 09:54:38.809",NA,NA,76.2,55600
"2014-03-20 09:54:38.972",NA,NA,76.2,59600
"2014-03-20 09:54:39.368",76.15,15200,NA,NA
"2014-03-20 09:54:39.370",NA,NA,76.2,81600
"2014-03-20 09:54:39.377",76.15,16000,NA,NA
"2014-03-20 09:54:39.424",76.15,17200,NA,NA
"2014-03-20 09:54:39.809",NA,NA,76.2,84000
"2014-03-20 09:54:39.809",NA,NA,76.2,86000
"2014-03-20 09:54:39.813",NA,NA,76.2,88000
"2014-03-20 09:54:39.814",NA,NA,76.2,90000
"2014-03-20 09:54:42.944",76.15,30000,NA,NA
"2014-03-20 09:54:43.097",76.15,25600,NA,NA
"2014-03-20 09:54:43.643",76.15,12800,NA,NA
"2014-03-20 09:54:43.836",NA,NA,76.2,87600
"2014-03-20 09:54:44.449",76.15,12400,NA,NA
"2014-03-20 09:54:47.099",76.15,25200,NA,NA
"2014-03-20 09:54:49.045",76.15,25600,NA,NA
"2014-03-20 09:54:49.869",NA,NA,76.2,78800
"2014-03-20 09:54:51.195",NA,NA,76.2,56800
"2014-03-20 09:54:51.950",76.15,31600,NA,NA
"2014-03-20 09:54:52.523",NA,NA,76.2,56400
"2014-03-20 09:54:52.609",NA,NA,76.2,56000
"2014-03-20 09:54:54.607",76.15,32400,NA,NA
"2014-03-20 09:54:54.658",76.15,33200,NA,NA
"2014-03-20 09:54:55.630",NA,NA,76.2,54000
"2014-03-20 09:54:59.332",NA,NA,76.2,58000
"2014-03-20 09:54:59.679",76.15,33600,NA,NA
"2014-03-20 09:55:10.624",76.15,32000,NA,NA
"2014-03-20 09:55:12.334",NA,NA,76.2,57600
"2014-03-20 09:55:14.219",76.15,18000,NA,NA
"2014-03-20 09:55:14.418",76.15,19600,NA,NA
"2014-03-20 09:55:20.075",76.15,20800,NA,NA
"2014-03-20 09:55:21.287",76.15,22000,NA,NA
"2014-03-20 09:55:22.046",76.15,22400,NA,NA
"2014-03-20 09:55:22.921",76.15,22800,NA,NA
"2014-03-20 09:55:26.376",NA,NA,76.2,50400
"2014-03-20 09:55:28.388",76.15,23200,NA,NA
"2014-03-20 09:55:29.365",NA,NA,76.2,52400
"2014-03-20 09:55:30.558",NA,NA,76.2,44400
"2014-03-20 09:55:43.681",NA,NA,76.2,46000
"2014-03-20 09:55:44.340",76.15,22800,NA,NA
"2014-03-20 09:55:44.343",NA,NA,76.2,45600
"2014-03-20 09:55:45.234",NA,NA,76.2,45200
"2014-03-20 09:55:45.235",76.15,22400,NA,NA
"2014-03-20 09:55:46.253",76.15,22800,NA,NA
"2014-03-20 09:55:46.356",76.15,23200,NA,NA
"2014-03-20 09:55:47.735",76.15,22000,NA,NA
"2014-03-20 09:55:47.735",NA,NA,76.2,44000
"2014-03-20 09:55:48.368",76.15,21600,NA,NA
"2014-03-20 09:55:52.220",76.15,21200,NA,NA
"2014-03-20 09:55:59.398",NA,NA,76.2,46400
"2014-03-20 09:56:08.609",NA,NA,76.2,46000
"2014-03-20 09:56:12.432",NA,NA,76.2,54800
"2014-03-20 09:56:14.297",NA,NA,76.2,46000
"2014-03-20 09:56:17.555",76.15,51200,NA,NA
"2014-03-20 09:56:22.255",76.15,53200,NA,NA
"2014-03-20 09:56:23.037",76.15,53600,NA,NA
"2014-03-20 09:56:23.276",76.15,56400,NA,NA
"2014-03-20 09:56:23.787",76.15,57600,NA,NA
"2014-03-20 09:56:23.878",76.15,58800,NA,NA
"2014-03-20 09:56:26.910",NA,NA,76.2,47600
"2014-03-20 09:56:30.791",76.15,56000,NA,NA
"2014-03-20 09:56:33.982",NA,NA,76.2,56400
"2014-03-20 09:56:36.507",NA,NA,76.2,56000
"2014-03-20 09:56:38.984",76.15,47200,NA,NA
"2014-03-20 09:56:39.560",76.15,47600,NA,NA
"2014-03-20 09:56:40.592",76.15,50800,NA,NA
"2014-03-20 09:56:40.854",76.15,44800,NA,NA
"2014-03-20 09:56:44.099",76.15,57600,NA,NA
"2014-03-20 09:56:44.658",76.15,58000,NA,NA
"2014-03-20 09:56:45.110",76.15,45200,NA,NA
"2014-03-20 09:56:46.541",NA,NA,76.2,55200
"2014-03-20 09:56:46.717",NA,NA,76.2,54400
"2014-03-20 09:56:47.936",76.15,48400,NA,NA
"2014-03-20 09:56:48.007",76.15,61200,NA,NA
"2014-03-20 09:56:49.515",76.15,48400,NA,NA
"2014-03-20 09:56:51.313",76.15,52400,NA,NA
"2014-03-20 09:56:57.916",76.15,52800,NA,NA
"2014-03-20 09:57:01.067",76.15,66000,NA,NA
"2014-03-20 09:57:02.919",NA,NA,76.2,54000
"2014-03-20 09:57:05.934",76.15,78800,NA,NA
"2014-03-20 09:57:06.767",76.15,79200,NA,NA
"2014-03-20 09:57:07.928",NA,NA,76.2,53600
"2014-03-20 09:57:09.825",76.15,85200,NA,NA
"2014-03-20 09:57:10.834",NA,NA,76.2,75600
"2014-03-20 09:57:10.848",76.15,86400,NA,NA
"2014-03-20 09:57:10.948",NA,NA,76.2,80000
"2014-03-20 09:57:11.867",NA,NA,76.2,84000
"2014-03-20 09:57:11.956",NA,NA,76.2,88000
"2014-03-20 09:57:12.880",NA,NA,76.2,87600
"2014-03-20 09:57:19.932",NA,NA,76.2,85200
"2014-03-20 09:57:26.425",NA,NA,76.2,84800
"2014-03-20 09:57:27.158",NA,NA,76.2,84400
"2014-03-20 09:57:28.168",NA,NA,76.2,83600
"2014-03-20 09:57:32.954",NA,NA,76.2,74800
"2014-03-20 09:57:33.536",76.15,86000,NA,NA
"2014-03-20 09:57:33.536",NA,NA,76.2,74400
"2014-03-20 09:57:34.234",NA,NA,76.2,73600
"2014-03-20 09:57:34.547",NA,NA,76.2,51600
"2014-03-20 09:57:36.463",NA,NA,76.2,50400
"2014-03-20 09:57:40.145",76.15,86800,NA,NA
"2014-03-20 09:57:42.064",NA,NA,76.2,59200
"2014-03-20 09:57:51.010",NA,NA,76.2,58400
"2014-03-20 09:57:51.348",76.15,88000,NA,NA
"2014-03-20 09:57:55.352",NA,NA,76.2,56400
"2014-03-20 09:57:58.432",76.15,92000,NA,NA
"2014-03-20 09:57:58.474",NA,NA,76.2,47600
"2014-03-20 09:58:02.292",76.15,92800,NA,NA
"2014-03-20 09:58:03.395",NA,NA,76.2,56400
"2014-03-20 09:58:07.280",NA,NA,76.2,47600
"2014-03-20 09:58:09.721",76.15,94000,NA,NA
"2014-03-20 09:58:13.152",NA,NA,76.2,45600
"2014-03-20 09:58:15.062",76.15,80800,NA,NA
"2014-03-20 09:58:15.062",NA,NA,76.2,32400
"2014-03-20 09:58:15.164",NA,NA,76.2,34000
"2014-03-20 09:58:17.124",NA,NA,76.2,33600
"2014-03-20 09:58:19.570",NA,NA,76.2,33200
"2014-03-20 09:58:23.215",NA,NA,76.2,34400
"2014-03-20 09:58:29.033",NA,NA,76.2,43200
"2014-03-20 09:58:30.470",NA,NA,76.2,42400
"2014-03-20 09:58:31.144",NA,NA,76.2,64400
"2014-03-20 09:58:31.223",NA,NA,76.2,64800
"2014-03-20 09:58:34.580",76.15,80000,NA,NA
"2014-03-20 09:58:34.580",NA,NA,76.2,64000
"2014-03-20 09:58:34.691",76.15,80400,NA,NA
"2014-03-20 09:58:34.789",NA,NA,76.2,68400
"2014-03-20 09:58:35.400",NA,NA,76.2,72400
"2014-03-20 09:58:35.400",NA,NA,76.2,74800
"2014-03-20 09:58:35.781",NA,NA,76.2,76800
"2014-03-20 09:58:36.043",NA,NA,76.2,80000
"2014-03-20 09:58:36.402",NA,NA,76.2,82000
"2014-03-20 09:58:38.072",76.15,82000,NA,NA
"2014-03-20 09:58:38.648",NA,NA,76.2,81600
"2014-03-20 09:58:38.732",NA,NA,76.2,81200
"2014-03-20 09:58:38.758",76.15,82400,NA,NA
"2014-03-20 09:58:41.252",76.15,88800,NA,NA
"2014-03-20 09:58:43.697",NA,NA,76.2,77200
"2014-03-20 09:58:43.775",NA,NA,76.2,76000
"2014-03-20 09:58:45.208",NA,NA,76.2,75200
"2014-03-20 09:58:45.243",NA,NA,76.2,77200
"2014-03-20 09:58:50.312",NA,NA,76.2,76000
"2014-03-20 09:58:54.876",NA,NA,76.2,74800
"2014-03-20 09:58:55.629",76.15,76000,NA,NA
"2014-03-20 09:59:06.761",76.15,76800,NA,NA
"2014-03-20 09:59:07.989",NA,NA,76.2,72800
"2014-03-20 09:59:08.038",NA,NA,76.2,75200
"2014-03-20 09:59:08.566",76.15,89600,NA,NA
"2014-03-20 09:59:14.030",76.15,91600,NA,NA
"2014-03-20 09:59:16.678",NA,NA,76.2,74800
"2014-03-20 09:59:16.782",NA,NA,76.2,74400
"2014-03-20 09:59:16.830",NA,NA,76.2,76800
"2014-03-20 09:59:19.191",NA,NA,76.2,76400
"2014-03-20 09:59:19.284",NA,NA,76.2,76000
"2014-03-20 09:59:19.656",76.15,78800,NA,NA
"2014-03-20 09:59:20.623",NA,NA,76.2,79600
"2014-03-20 09:59:21.140",NA,NA,76.2,80400
"2014-03-20 09:59:21.411",NA,NA,76.2,79600
"2014-03-20 09:59:21.640",76.15,38800,NA,NA
"2014-03-20 09:59:21.641",NA,NA,76.2,78400
"2014-03-20 09:59:21.641",76.15,34400,NA,NA
"2014-03-20 09:59:21.644",76.1,136800,76.15,4400
"2014-03-20 09:59:21.647",NA,NA,76.2,78400
"2014-03-20 09:59:21.659",76.1,129600,NA,NA
"2014-03-20 09:59:21.669",76.1,152800,NA,NA
"2014-03-20 09:59:21.763",76.1,145200,NA,NA
"2014-03-20 09:59:21.808",76.1,147200,NA,NA
"2014-03-20 09:59:21.839",76.15,2000,NA,NA
"2014-03-20 09:59:21.842",76.15,4000,NA,NA
"2014-03-20 09:59:21.874",76.15,4400,NA,NA
"2014-03-20 09:59:21.902",76.15,6000,NA,NA
